@preamble{ "\newcommand{\noopsort}[1]{} \newcommand{\printfirst}[2]{#1}
           \newcommand{\singleletter}[1]{#1}
           \newcommand{\switchargs}[2]{#2#1} "
}

@inproceedings{map-reduce,
  author =        {Dean, Jeffrey and Ghemawat, Sanjay},
  booktitle =     {Proc. of the 6th {USENIX} Symposium on Operating
                   Systems Design and Implementation (OSDI'04)},
  crossref =      {osdi04},
  month =         dec,
  title =         {MapReduce: simplified data processing on large
                   clusters},
  year =          {2004},
}

@book{hadoop,
  author =        {White, Tom},
  edition =       {1st},
  publisher =     {O'Reilly Media},
  title =         {Hadoop: The Definitive Guide},
  year =          {2009},
  isbn =          {978-0-596-52197-4},
}

@inproceedings{dryad,
  author =        {Isard, Michael and Budiu, Mihai and Yu, Yuan and
                   Birrell, Andrew and Fetterly, Dennis},
  booktitle =     {Proc. of the 2nd European Conference on Computer
                   Systems (EuroSys'07)},
  crossref =      {eurosys07},
  month =         mar,
  title =         {Dryad: distributed data-parallel programs from
                   sequential building blocks},
  year =          {2007},
}

@article{barroso2007,
  address =       {Los Alamitos, CA, USA},
  author =        {Barroso, Luiz Andr\'{e} and H\"{o}lzle, Urs},
  journal =       {Computer},
  pages =         {33--37},
  publisher =     {IEEE Computer Society Press},
  title =         {The Case for Energy-Proportional Computing},
  volume =        {40},
  year =          {2007},
}

@inproceedings{multiplicity,
  author =        {Cadar, Cristian and Pietzuch, Peter and
                   Wolf, Alexander L.},
  booktitle =     {Proc. of the FSE/SDP workshop on the Future of
                   Software Engineering Research (FoSER'10)},
  crossref =      {foser10},
  month =         nov,
  title =         {Multiplicity Computing: A Vision of Software
                   Engineering for Next-Generation Computing Platform
                   Applications},
  year =          {2010},
}

@inproceedings{johnson2009,
  author =        {Johnson, Robert},
  booktitle =     {Proc. of the 24th Annual Conference on
                   Object-Oriented Programming Systems, Languages and
                   Applications (OOPSLA'09)},
  crossref =      {oopsla09},
  month =         oct,
  title =         {{OOPSLA} keynote: Moving Fast at Scale - Lessons
                   Learned at {Facebook}},
  year =          {2009},
}

@misc{blogger-incident2011,
  key =           {Blogger},
  month =         may,
  title =         {{Blogger Incident Report}},
  year =          {2011},
  url =           {http://status.blogger.com/2011/05/
                  blogger-incident-report-by-eddie.html},
}

@misc{skype-incident2011,
  key =           {Skype},
  month =         may,
  title =         {{An update on today's downtime}},
  year =          {2011},
  url =           {http://heartbeat.skype.com/2011/05/
                  an_update_on_todays_downtime.html},
}

@article{harrold:test-redundancy,
  author =        {Mary Jean Harrold and Clemson Unwersity and
                   Rajiv Gupta and Mary Lou Soffa},
  crossref =      {acm-tosem},
  journal =       {ACM Transactions on Software Engineering Methodology
                   (TOSEM)},
  pages =         {270--285},
  title =         {A methodology for controlling the size of a test
                   suite},
  volume =        {2},
  year =          {1993},
}

@inproceedings{test-pri,
  author =        {Srivastava, Amitabh and Thiagarajan, Jay},
  booktitle =     {Proc. of the International Symposium on Software
                   Testing and Analysis (ISSTA'02)},
  crossref =      {issta02},
  month =         jul,
  title =         {Effectively prioritizing tests in development
                   environment},
  year =          {2002},
}

@article{Rothermel96analyzingregression,
  author =        {Gregg Rothermel and Mary Jean Harrold},
  crossref =      {ieee-tse},
  journal =       {IEEE Transactions on Software Engineering (TSE)},
  title =         {Analyzing Regression Test Selection Techniques},
  volume =        {22},
  year =          {1996},
}

@inproceedings{diff-symex,
  author =        {Person, Suzette and Dwyer, Matthew B. and
                   Elbaum, Sebastian and P\v{a}s\v{a}reanu, Corina S.},
  booktitle =     {Proc. of the {ACM} Symposium on the Foundations of
                   Software Engineering (FSE'08)},
  crossref =      {fse08},
  month =         nov,
  title =         {Differential symbolic execution},
  year =          {2008},
}

@inproceedings{directed-test-augmen:09,
  author =        {Zhihong Xu and Gregg Rothermel},
  booktitle =     {Proc. of the 16th Asia-Pacific Software Engineering
                   Conference (ASPEC'09)},
  crossref =      {aspec09},
  month =         dec,
  title =         {Directed Test Suite Augmentation},
  year =          {2009},
}

@inproceedings{express,
  author =        {Taneja, Kunal and Xie, Tao and Tillmann, Nikolai and
                   de Halleux, Jonathan},
  booktitle =     {Proc. of the International Symposium on Software
                   Testing and Analysis (ISSTA'11)},
  crossref =      {issta11},
  month =         jul,
  title =         {e{X}press: guided path exploration for efficient
                   regression test generation},
  year =          {2011},
}

@inproceedings{directed-symex11,
  author =        {Kin-Keung Ma and Yit Phang Khoo and Jeffrey S. Foster and
                   Michael Hicks},
  booktitle =     {Proc. of the 18th International Static Analysis
                   Symposium (SAS'11)},
  crossref =      {sas11},
  month =         sep,
  title =         {Directed Symbolic Execution},
  year =          {2011},
}

@inproceedings{babic11,
  author =        {Babi\'{c}, Domagoj and Martignoni, Lorenzo and
                   McCamant, Stephen and Song, Dawn},
  booktitle =     {Proc. of the International Symposium on Software
                   Testing and Analysis (ISSTA'11)},
  crossref =      {issta11},
  month =         jul,
  title =         {Statically-directed Dynamic Automated Test
                   Generation},
  year =          {2011},
}

@inproceedings{directed-incr-symex11,
  author =        {Person, Suzette and Yang, Guowei and Rungta, Neha and
                   Khurshid, Sarfraz},
  booktitle =     {Proc. of the Conference on Programing Language Design
                   and Implementation (PLDI'11)},
  crossref =      {pldi11},
  month =         jun,
  title =         {Directed incremental symbolic execution},
  year =          {2011},
}

@inproceedings{patch:spin12,
  author =        {Paul Dan Marinescu and Cristian Cadar},
  booktitle =     {Proc. of the 19th International {SPIN} Workshop on
                   Model Checking of Software (SPIN'12)},
  crossref =      {spin12},
  month =         jul,
  title =         {High-Coverage Symbolic Patch Testing},
  year =          {2012},
}

@inproceedings{interaction-changes13,
  author =        {B\"{o}hme, Marcel and Oliveira, Bruno C. d. S. and
                   Roychoudhury, Abhik},
  booktitle =     {Proc. of the joint meeting of the European Software
                   Engineering Conference and the {ACM} Symposium on the
                   Foundations of Software Engineering (ESEC/FSE'13)},
  crossref =      {esec-fse13},
  month =         aug,
  title =         {Regression tests to expose change interaction errors},
  year =          {2013},
}

@inproceedings{mx,
  author =        {Petr Hosek and Cristian Cadar},
  booktitle =     {Proc. of the 35th International Conference on
                   Software Engineering (ICSE'13)},
  crossref =      {icse13},
  month =         may,
  title =         {Safe Software Updates via Multi-version Execution},
  year =          {2013},
}

@inproceedings{onlinevalidation,
  author =        {Joseph Tucek and Weiwei Xiong and Yuanyuan Zhou},
  booktitle =     {Proc. of the 14th International Conference on
                   Architectural Support for Programming Languages and
                   Operating Systems (ASPLOS'09)},
  crossref =      {asplos09},
  month =         mar,
  title =         {Efficient Online Validation with Delta Execution},
  year =          {2009},
}

@inproceedings{tachyon12,
  author =        {Matthew Maurer and David Brumley},
  booktitle =     {Proc. of the 21st {USENIX} Security Symposium
                   ({USENIX} Security'12)},
  crossref =      {usenix-sec12},
  month =         {Aug.},
  title =         {{TACHYON}: Tandem Execution for Efficient Live Patch
                   Testing},
  year =          {2012},
}

@article{cov_regr97,
  author =        {Rosenblum, D.S. and Weyuker, E.J.},
  crossref =      {ieee-tse},
  journal =       {IEEE Transactions on Software Engineering (TSE)},
  number =        {3},
  pages =         {146-156},
  title =         {Using coverage information to predict the
                   cost-effectiveness of regression testing strategies},
  volume =        {23},
  year =          {1997},
}

@inproceedings{zesti,
  author =        {Paul Dan Marinescu and Cristian Cadar},
  booktitle =     {Proc. of the 34th International Conference on
                   Software Engineering (ICSE'12)},
  crossref =      {icse12},
  month =         jun,
  title =         {make test-zesti: A Symbolic Execution Solution for
                   Improving Regression Testing},
  year =          {2012},
}

@inproceedings{pretex,
  author =        {Joshi, Pallavi and Sen, Koushik and Shlimovich, Mark},
  booktitle =     {Proc. of the joint meeting of the European Software
                   Engineering Conference and the {ACM} Symposium on the
                   Foundations of Software Engineering (ESEC/FSE'07)},
  crossref =      {esec-fse07},
  month =         sep,
  title =         {Predictive testing: amplifying the effectiveness of
                   software testing},
  year =          {2007},
}

@inproceedings{sage,
  author =        {Patrice Godefroid and Michael Y. Levin and
                   David A. Molnar},
  booktitle =     {Proc. of the 15th Network and Distributed System
                   Security Symposium (NDSS'08)},
  crossref =      {ndss08},
  month =         feb,
  title =         {Automated Whitebox Fuzz Testing},
  year =          {2008},
}

@inproceedings{test-augmentation:genetic-vs-concolic,
  author =        {Xu, Zhihong and Kim, Yunho and Kim, Moonzoo and
                   Rothermel, Gregg and Cohen, Myra B.},
  booktitle =     {Proc. of the {ACM} Symposium on the Foundations of
                   Software Engineering (FSE'10)},
  crossref =      {fse10},
  month =         nov,
  title =         {Directed test suite augmentation: techniques and
                   tradeoffs},
  year =          {2010},
}

@inproceedings{klee,
  author =        {Cristian Cadar and Daniel Dunbar and Dawson Engler},
  booktitle =     {Proc. of the 8th {USENIX} Symposium on Operating
                   Systems Design and Implementation (OSDI'08)},
  crossref =      {osdi08},
  month =         dec,
  title =         {{KLEE}: Unassisted and Automatic Generation of
                   High-Coverage Tests for Complex Systems Programs},
  year =          {2008},
}

@inproceedings{dotnet-random-test08,
  author =        {Carlos Pacheco and Shuvendu K. Lahiri and
                   Thomas Ball},
  booktitle =     {Proc. of the International Symposium on Software
                   Testing and Analysis (ISSTA'08)},
  crossref =      {issta08},
  month =         jul,
  title =         {Finding Errors in {.NET} with Feedback-directed
                   Random Testing},
  year =          {2008},
}

@inproceedings{semantic-fp-testing12,
  author =        {Dan, H. and Hierons, R.M.},
  booktitle =     {Proc. of the IEEE International Conference on
                   Software Testing, Verification, and Validation
                   (ICST'12)},
  crossref =      {icst12},
  month =         apr,
  title =         {Semantic Mutation Analysis of Floating-Point
                   Comparison},
  year =          {2012},
}

@article{mutation-tests-oracle12,
  author =        {Fraser, G. and Zeller, A.},
  crossref =      {ieee-tse},
  journal =       {IEEE Transactions on Software Engineering (TSE)},
  number =        {2},
  pages =         {278-292},
  title =         {Mutation-Driven Generation of Unit Tests and Oracles},
  volume =        {38},
  year =          {2012},
}

@inproceedings{containers:eurosys07,
  author =        {Soltesz, Stephen and P\"{o}tzl, Herbert and
                   Fiuczynski, Marc E. and Bavier, Andy and
                   Peterson, Larry},
  booktitle =     {Proc. of the 2nd European Conference on Computer
                   Systems (EuroSys'07)},
  crossref =      {eurosys07},
  month =         mar,
  title =         {Container-based Operating System Virtualization: A
                   Scalable, High-performance Alternative to
                   Hypervisors},
  year =          {2007},
}

@inproceedings{genealogies:issre13,
  author =        {Herzig, Kim and Just, Sascha and Rau, Andreas and
                   Zeller, Andreas},
  booktitle =     {Proc. of the 24th International Symposium on Software
                   Reliability Engineering (ISSRE'13)},
  crossref =      {issre13},
  month =         nov,
  title =         {Predicting Defects Using Change Genealogies},
  year =          {2013},
}

@inproceedings{szz:msr05,
  author =        {\'{S}liwerski, Jacek and Zimmermann, Thomas and
                   Zeller, Andreas},
  booktitle =     {Proc. of the 2005 International Workshop on Mining
                   Software Repositories (MSR'05)},
  crossref =      {msr05},
  month =         may,
  title =         {When Do Changes Induce Fixes?},
  year =          {2005},
}

@inproceedings{szz:ase06,
  author =        {Kim, Sunghun and Zimmermann, Thomas and Pan, Kai and
                   Whitehead, E. James Jr.},
  booktitle =     {Proc. of the 21st IEEE International Conference on
                   Automated Software Engineering (ASE'06)},
  crossref =      {ase06},
  month =         sep,
  title =         {Automatic Identification of Bug-Introducing Changes},
  year =          {2006},
}

@inproceedings{change-source-code:msr07,
  author =        {Canfora, Gerardo and Cerulo, Luigi and
                   Di Penta, Massimiliano},
  booktitle =     {Proc. of the 4th International Workshop on Mining
                   Software Repositories (MSR'07)},
  crossref =      {msr07},
  month =         may,
  title =         {Identifying Changed Source Code Lines from Version
                   Repositories},
  year =          {2007},
}

@inproceedings{szzrevisited:defects08,
  author =        {Williams, Chad and Spacco, Jaime},
  booktitle =     {Proc. of the 2008 International Workshop on Defects
                   in Large Software Systems (DEFECTS'08)},
  crossref =      {defects08},
  month =         jul,
  title =         {{SZZ} Revisited: Verifying When Changes Induce Fixes},
  year =          {2008},
}

@inproceedings{levenshtein1966binary,
  author =        {Levenshtein, Vladimir I},
  booktitle =     {Soviet physics doklady},
  pages =         {707},
  title =         {Binary codes capable of correcting deletions,
                   insertions and reversals},
  volume =        {10},
  year =          {1966},
}

@incollection{tf-idf,
  author =        {Sparck Jones, Karen},
  chapter =       {A Statistical Interpretation of Term Specificity and
                   Its Application in Retrieval},
  pages =         {132--142},
  title =         {Document Retrieval Systems},
  year =          {1988},
  isbn =          {0-947568-21-2},
}

@article{cosinesimilarity,
  author =        {Amit Singhal},
  journal =       {Bulletin of the {IEEE} Computer Society Technical
                   Committee on Data Engineering},
  pages =         {35--43},
  title =         {Modern information retrieval: a brief overview},
  volume =        {24},
  year =          {2001},
}

@article{hungarian,
  author =        {Harold W. Kuhn},
  journal =       {Naval Research Logistics Quarterly},
  pages =         {83--97},
  title =         {The Hungarian Method for the assignment problem},
  volume =        {2},
  year =          {1955},
}

@article{coevol:emse11,
  author =        {Andy Zaidman and Bart Van Rompaey and
                   Arie van Deursen and Serge Demeyer},
  crossref =      {empsweng},
  journal =       {Empirical Software Engineering (EMSE)},
  number =        {3},
  pages =         {325--364},
  title =         {Studying the co-evolution of production and test code
                   in open source and industrial developer test
                   processes through repository mining},
  volume =        {16},
  year =          {2011},
}

@inproceedings{imunit,
  author =        {Vilas Jagannath and Milos Gligoric and Dongyun Jin and
                   Qingzhou Luo and Grigore Rosu and Darko Marinov},
  booktitle =     {Proc. of the joint meeting of the European Software
                   Engineering Conference and the {ACM} Symposium on the
                   Foundations of Software Engineering (ESEC/FSE'11)},
  crossref =      {esec-fse11},
  month =         sep,
  title =         {Improved Multithreaded Unit Testing},
  year =          {2011},
}

@inproceedings{categorization:esem10,
  author =        {Murgia, Alessandro and Concas, Giulio and
                   Marchesi, Michele and Tonelli, Roberto},
  booktitle =     {Proc. of the 4th International Symposium on Empirical
                   Software Engineering and Measurement (ESEM'10)},
  crossref =      {esem10},
  month =         sep,
  title =         {A machine learning approach for text categorization
                   of fixing-issue commits on {CVS}},
  year =          {2010},
}

@inproceedings{bug-feature:icse13,
  author =        {Herzig, Kim and Just, Sascha and Zeller, Andreas},
  booktitle =     {Proc. of the 35th International Conference on
                   Software Engineering (ICSE'13)},
  crossref =      {icse13},
  month =         may,
  title =         {It's Not a Bug, It's a Feature: How Misclassification
                   Impacts Bug Prediction},
  year =          {2013},
}

@inproceedings{orchestra09,
  author =        {Salamat, Babak and Jackson, Todd and Gal, Andreas and
                   Franz, Michael},
  booktitle =     {Proc. of the 4th European Conference on Computer
                   Systems (EuroSys'09)},
  crossref =      {eurosys09},
  month =         mar # {-} # apr,
  title =         {Orchestra: intrusion detection using parallel
                   execution and monitoring of program variants in
                   user-space},
  year =          {2009},
}

@article{shye2009,
  author =        {Shye, Alex and Blomstedt, Joseph and Moseley, Tipp and
                   Reddi, Vijay Janapa and Connors, Daniel A.},
  crossref =      {ieee-tdsc},
  journal =       {IEEE Transactions on Dependable and Secure Computing
                   (TDSC)},
  pages =         {135--148},
  title =         {{PLR: A Software Approach to Transient Fault
                   Tolerance for Multicore Architectures}},
  volume =        {6},
  year =          {2009},
}

@misc{crossmemoryattach,
  author =        {Jonathan Corbet},
  howpublished =  {\url{http://lwn.net/Articles/405346/}},
  title =         {Cross Memory Attach},
  year =          {2010},
}

@article{memory-pools,
  author =        {Ross, Douglas T.},
  crossref =      {cacm},
  journal =       {Communications of the Association for Computing
                   Machinery (CACM)},
  month =         aug,
  pages =         {481--492},
  publisher =     {ACM},
  title =         {The {AED} free storage package},
  volume =        {10},
  year =          {1967},
}

@inproceedings{dthreads:sosp11,
  author =        {Tongping Liu and Charlie Curtsinger and
                   Emery D. Berger},
  booktitle =     {Proc. of the 23rd {ACM} Symposium on Operating
                   Systems Principles (SOSP'11)},
  crossref =      {sosp11},
  month =         oct,
  title =         {{\textsc{Dthreads}}: Efficient Deterministic
                   Multithreading},
  year =          {2011},
}

@inproceedings{upstare,
  author =        {Kristis Makris and Rida A. Bazi},
  booktitle =     {Proc. of the 2009 USENIX Annual Technical Conference
                   ({USENIX} ATC'09)},
  crossref =      {usenix-atc09},
  month =         jun,
  title =         {Immediate Multi-Threaded Dynamic Software Updates
                   Using Stack Reconstruction},
  year =          {2009},
}

@inproceedings{data-struct-digging,
  author =        {Cozzie, Anthony and Stratton, Frank and Xue, Hui and
                   King, Samuel T.},
  booktitle =     {Proc. of the 8th {USENIX} Symposium on Operating
                   Systems Design and Implementation (OSDI'08)},
  crossref =      {osdi08},
  month =         dec,
  title =         {Digging for data structures},
  year =          {2008},
}

@book{dragon-book,
  author =        {Aho, Alfred V. and Lam, Monica S. and Sethi, Ravi and
                   Ullman, Jeffrey D.},
  edition =       {2nd},
  howpublished =  {Hardcover},
  publisher =     {Addison Wesley},
  title =         {{Compilers: Principles, Techniques, and Tools}},
  year =          {2006},
  isbn =          {0321486811},
}

@article{card:human_proc,
  author =        {Stuart Card and Thomas Moran and Allen Newell},
  chapter =       {45},
  journal =       {Handbook of Perception and Human Performance},
  pages =         {1--35},
  publisher =     {Wiley},
  title =         {The model human processor: an engineering model for
                   human performance},
  volume =        {2},
  year =          {1986},
}

@inproceedings{compl-schedules11,
  author =        {Veeraraghavan, Kaushik and Chen, Peter M. and
                   Flinn, Jason and Narayanasamy, Satish},
  booktitle =     {Proc. of the 23rd {ACM} Symposium on Operating
                   Systems Principles (SOSP'11)},
  crossref =      {sosp11},
  month =         oct,
  title =         {Detecting and surviving data races using
                   complementary schedules},
  year =          {2011},
}

@inproceedings{flashback,
  author =        {Srinivasan, Sudarshan M. and Kandula, Srikanth and
                   Andrews, Christopher R. and Zhou, Yuanyuan},
  booktitle =     {Proc. of the 2004 USENIX Annual Technical Conference
                   (USENIX ATC'04)},
  crossref =      {usenix-atc04},
  month =         jun # {-} # jul,
  title =         {Flashback: A Lightweight Extension for Rollback and
                   Deterministic Replay for Software Debugging},
  year =          {2004},
}

@inproceedings{cox2006,
  author =        {Cox, Benjamin and Evans, David and Filipi, Adrian and
                   Rowanhill, Jonathan and Hu, Wei and Davidson, Jack and
                   Knight, John and Nguyen-Tuong, Anh and Hiser, Jason},
  booktitle =     {Proc. of the 15th {USENIX} Security Symposium
                   ({USENIX} Security'06)},
  crossref =      {usenix-sec06},
  month =         jul # {-} # aug,
  title =         {N-variant systems: a secretless framework for
                   security through diversity},
  year =          {2006},
}

@inproceedings{bpf,
  author =        {McCanne, Steven and Jacobson, Van},
  booktitle =     {Proc. of the 1993Winter USENIX Conference},
  crossref =      {usenix-win93},
  month =         jan,
  title =         {The {BSD} Packet Filter: A New Architecture for
                   User-level Packet Capture},
  year =          {1993},
}

@misc{linuxzygote,
  author =        {Chromium.org},
  howpublished =
  {\url{https://code.google.com/p/chromium/wiki/LinuxZygote}},
  title =         {{Linux Zygote}: The use of zygotes on {Linux}},
}

@inproceedings{bird,
  author =        {Susanta Nanda and Wei Li and Lap-Chung Lam and
                   Tzi-cker Chiueh},
  booktitle =     {Proc. of the 4th International Symposium on Code
                   Generation and Optimization (CGO'06)},
  crossref =      {cgo06},
  month =         mar,
  title =         {{BIRD}: Binary Interpretation using Runtime
                   Disassembly},
  year =          {2006},
}

@inproceedings{dynamorio02,
  author =        {Kiriansky, Vladimir and Bruening, Derek and
                   Amarasinghe, Saman P},
  booktitle =     {Proc. of the 11th {USENIX} Security Symposium
                   ({USENIX} Security'02)},
  crossref =      {usenix-sec02},
  month =         aug,
  title =         {Secure Execution via Program Shepherding.},
  year =          {2002},
}

@inproceedings{pin05,
  author =        {Luk, Chi-Keung and Cohn, Robert and Muth, Robert and
                   Patil, Harish and Klauser, Artur and Lowney, Geoff and
                   Wallace, Steven and Reddi, Vijay Janapa and
                   Hazelwood, Kim},
  booktitle =     {Proc. of the Conference on Programing Language Design
                   and Implementation (PLDI'05)},
  crossref =      {pldi05},
  month =         jun,
  title =         {Pin: building customized program analysis tools with
                   dynamic instrumentation},
  year =          {2005},
}

@inproceedings{detours,
  author =        {Galen Hunt and Doug Brubacher},
  booktitle =     {Proc. of the 3rd USENIX Windows NT Symposium (USENIX
                   NT'99)},
  crossref =      {usenix-nt99},
  month =         jul,
  title =         {Detours: Binary Interception of Win32 Functions},
  year =          {1999},
}

@article{ROP:tissec12,
  author =        {Roemer, Ryan and Buchanan, Erik and Shacham, Hovav and
                   Savage, Stefan},
  crossref =      {acm-tissec},
  journal =       {{ACM} Transactions on Information and System Security
                   (TISSEC)},
  month =         mar,
  number =        {1},
  pages =         {2:1--2:34},
  title =         {Return-Oriented Programming: Systems, Languages, and
                   Applications},
  volume =        {15},
  year =          {2012},
}

@article{orchestra11,
  author =        {Salamat, Babak and Jackson, Todd and Wagner, Gregor and
                   Wimmer, Christian and Franz, Michael},
  crossref =      {ieee-tdsc},
  journal =       {IEEE Transactions on Dependable and Secure Computing
                   (TDSC)},
  pages =         {588-601},
  title =         {Run-Time Defense against Code Injection Attacks using
                   Replicated Execution},
  volume =        {8},
  year =          {2011},
}

@inproceedings{fastforward,
  author =        {John Giacomoni and Tipp Moseley and
                   Manish Vachharajani},
  booktitle =     {Proc. of the 13th {ACM} Symposium on Principles and
                   Practice of Parallel Programming (PPoPP'08)},
  crossref =      {ppopp08},
  month =         feb,
  title =         {{FastForward} for efficient pipeline parallelism: a
                   cache-optimized concurrent lock-free queue},
  year =          {2008},
}

@inproceedings{mcringbuffer,
  author =        {Lee, Patrick Pak-Ching and Bu, Tian and
                   Chandranmenon, Girish},
  booktitle =     {Proc. of the 24th IEEE International Parallel \&
                   Distributed Processing Symposium (IPDPS'10)},
  crossref =      {ipdps10},
  month =         apr,
  title =         {A lock-free, cache-efficient multi-core
                   synchronization mechanism for line-rate network
                   traffic monitoring},
  year =          {2010},
}

@techreport{disruptor,
  author =        {Martin Thompson and Dave Farley and Michael Barker and
                   Patricia Gee and Andrew Stewart},
  institution =   {LMAX},
  title =         {Disruptor: High performance alternative to bounded
                   queues for exchanging data between concurrent
                   threads},
  year =          {2011},
  url =           {http://lmax-exchange.github.io/disruptor/files/
                  Disruptor-1.0.pdf},
}

@inproceedings{coredet:asplos10,
  author =        {Bergan, Tom and Anderson, Owen and Devietti, Joseph and
                   Ceze, Luis and Grossman, Dan},
  booktitle =     {Proc. of the 15th International Conference on
                   Architectural Support for Programming Languages and
                   Operating Systems (ASPLOS'10)},
  crossref =      {asplos10},
  month =         mar,
  title =         {{CoreDet}: A Compiler and Runtime System for
                   Deterministic Multithreaded Execution},
  year =          {2010},
}

@inproceedings{scribe,
  author =        {Oren Laadan and Nicolas Viennot and Jason Nieh},
  booktitle =     {Proc. of the ACM SIGMETRICS 2010 (SIGMETRICS'10)},
  crossref =      {sigmetrics10},
  month =         jun,
  title =         {Transparent, Lightweight Application Execution Replay
                   on Commodity Multiprocessor Operating Systems},
  year =          {2010},
}

@inproceedings{chen1995,
  author =        {Chen, Liming and Avizienis, Algirdas},
  booktitle =     {Proc. of the 8th IEEE International Symposium on
                   Fault Tolerant Computing (FTCS'78)},
  crossref =      {ftcs78},
  month =         jun,
  title =         {N-version programming: A Fault-tolerance approach to
                   reliability of software operation},
  year =          {1978},
}

@inproceedings{cook:icse99,
  author =        {Jonathan E. Cook and Jeffrey A. Dage},
  booktitle =     {Proc. of the 21st International Conference on
                   Software Engineering (ICSE'99)},
  crossref =      {icse99},
  month =         may,
  title =         {Highly Reliable Upgrading of Components},
  year =          {1999},
}

@inproceedings{diehard06,
  author =        {Berger, Emery D. and Zorn, Benjamin G.},
  booktitle =     {Proc. of the Conference on Programing Language Design
                   and Implementation (PLDI'06)},
  crossref =      {pldi06},
  month =         jun,
  title =         {DieHard: probabilistic memory safety for unsafe
                   languages},
  year =          {2006},
}

@inproceedings{gismoe,
  author =        {Mark Harman and William Langdon and Yue Jia and
                   David White and Andrea Arcuri and John Clark},
  booktitle =     {Proc. of the 27th IEEE International Conference on
                   Automated Software Engineering (ASE'12)},
  crossref =      {ase12},
  month =         sep,
  title =         {The {GISMOE} challenge: constructing the pareto
                   program surface using genetic programming to find
                   better programs},
  year =          {2012},
}

@inproceedings{tightlip,
  author =        {Aydan R. Yumerefendi and Benjamin Mickle and
                   Landon P. Cox},
  booktitle =     {Proc. of the 4th {USENIX} Symposium on Networked
                   Systems Design and Implementation (NSDI'07)},
  crossref =      {nsdi07},
  month =         apr,
  title =         {TightLip: Keeping Applications from Spilling the
                   Beans},
  year =          {2007},
}

@inproceedings{trachsel10,
  author =        {Trachsel, Oliver and Gross, Thomas R.},
  booktitle =     {Proc. of the 7th ACM International Conference on
                   Computing Frontiers (CF'10)},
  crossref =      {cf10},
  month =         may,
  title =         {Variant-based competitive parallel execution of
                   sequential programs},
  year =          {2010},
}

@inproceedings{cocktail,
  author =        {Hui Xue and Nathan Dautenhahn and Samuel T. King},
  booktitle =     {Proc. of the 19th Network and Distributed System
                   Security Symposium (NDSS'12)},
  crossref =      {ndss12},
  month =         feb,
  title =         {Using Replicated Execution for a More Secure and
                   Reliable Web Browser},
  year =          {2012},
}

@article{back-to-back90,
  author =        {Mladen A. Vouk},
  crossref =      {ist},
  journal =       {Information and Software Technology (IST)},
  month =         jan # {-} # feb,
  pages =         {34--45},
  title =         {Back-to-back testing},
  volume =        {32},
  year =          {1990},
}

@inproceedings{bandaid-patch07,
  author =        {Sidiroglou, Stelios and Ioannidis, Sotiris and
                   Keromytis, Angelos D.},
  booktitle =     {Proc. of the 3rd Workshop on Hot Topics in System
                   Dependability (HotDep'07)},
  crossref =      {hotdep07},
  month =         jun,
  title =         {Band-aid patching},
  year =          {2007},
}

@inproceedings{delta-exec-oop,
  author =        {Marcelo d'Amorim and Steven Lauterburg and
                   Darko Marinov},
  booktitle =     {Proc. of the International Symposium on Software
                   Testing and Analysis (ISSTA'07)},
  crossref =      {issta07},
  month =         jul,
  title =         {Delta execution for efficient state-space exploration
                   of object-oriented programs},
  year =          {2007},
}

@inproceedings{shared-exec12,
  author =        {Chang Hwan Peter Kim and Sarfraz Khurshid and
                   Don Batory},
  booktitle =     {Proc. of the 23rd International Symposium on Software
                   Reliability Engineering (ISSRE'12)},
  crossref =      {issre12},
  month =         nov,
  title =         {Shared Execution for Efficiently Testing Product
                   Lines},
  year =          {2012},
}

@inproceedings{ginseng,
  author =        {Iulian Neamtiu and Michael Hicks and Gareth Stoyle and
                   Manuel Oriol},
  booktitle =     {Proc. of the Conference on Programing Language Design
                   and Implementation (PLDI'06)},
  crossref =      {pldi06},
  month =         jun,
  title =         {Practical dynamic software updating for {C}},
  year =          {2006},
}

@inproceedings{kitsune,
  author =        {Christopher M. Hayden and Edward K. Smith and
                   Michail Denchev and Michael Hicks and
                   Jeffrey S. Foster},
  booktitle =     {Proc. of the 27th Annual Conference on
                   Object-Oriented Programming Systems, Languages and
                   Applications (OOPSLA'12)},
  crossref =      {oopsla12},
  month =         oct,
  title =         {{Kitsune}: Efficient, General-purpose Dynamic
                   Software Updating for {C}},
  year =          {2012},
}

@inproceedings{unibus:nspw10,
  author =        {Franz, Michael},
  booktitle =     {Proc. of the 2010 Workshop on New Security Paradigms
                   (NSPW'10)},
  crossref =      {nspw10},
  month =         sep,
  title =         {E unibus pluram: massive-scale software diversity as
                   a defense mechanism},
  year =          {2010},
}

@inproceedings{beattie2002,
  author =        {Beattie, Steve and Arnold, Seth and Cowan, Crispin and
                   Wagle, Perry and Wright, Chris},
  booktitle =     {Proc. of the 16th USENIX Conference on System
                   Administration (LISA'02)},
  crossref =      {lisa02},
  month =         nov,
  title =         {Timing the Application of Security Patches for
                   Optimal Uptime},
  year =          {2002},
}

@inproceedings{crameri:updates,
  author =        {Crameri, Olivier and Knezevic, Nikola and
                   Kostic, Dejan and Bianchini, Ricardo and
                   Zwaenepoel, Willy},
  booktitle =     {Proc. of the 21st {ACM} Symposium on Operating
                   Systems Principles (SOSP'07)},
  crossref =      {sosp07},
  month =         oct,
  title =         {Staged deployment in {Mirage}, an integrated software
                   upgrade testing and distribution system},
  year =          {2007},
}

@misc{flickr,
  author =        {Ross Harmess},
  howpublished =
  {\url{http://code.flickr.com/blog/2009/12/02/flipping-out/}},
  title =         {Flipping Out},
  year =          {2009},
}

@inproceedings{rx,
  author =        {Qin, Feng and Tucek, Joseph and
                   Sundaresan, Jagadeesan and Zhou, Yuanyuan},
  booktitle =     {Proc. of the 20th {ACM} Symposium on Operating
                   Systems Principles (SOSP'05)},
  crossref =      {sosp05},
  month =         oct,
  title =         {Rx: treating bugs as allergies---a safe method to
                   survive software failures},
  year =          {2005},
}

@inproceedings{fo,
  author =        {Martin Rinard and Cristian Cadar and Daniel Dumitran and
                   Daniel M. Roy and Tudor Leu and
                   William S. Beebee, Jr.},
  booktitle =     {Proc. of the 6th {USENIX} Symposium on Operating
                   Systems Design and Implementation (OSDI'04)},
  crossref =      {osdi04},
  month =         dec,
  title =         {Enhancing Server Availability and Security Through
                   Failure-Oblivious Computing},
  year =          {2004},
}

@article{exec-trans06,
  author =        {Stelios Sidiroglou and Angelos D. Keromytis},
  crossref =      {ijis},
  journal =       {Springer International Journal of Information
                   Security (IJIS)},
  number =        {2},
  pages =         {77--91},
  title =         {Execution Transactions for Defending Against Software
                   Failures: Use and Evaluation},
  volume =        {5},
  year =          {2006},
}

@inproceedings{vigilante,
  author =        {Manuel Costa and Jon Crowcroft and Miguel Castro and
                   Antony Rowstron and Lidong Zhou and Lintao Zhang and
                   Paul Barham},
  booktitle =     {Proc. of the 20th {ACM} Symposium on Operating
                   Systems Principles (SOSP'05)},
  crossref =      {sosp05},
  month =         oct,
  title =         {Vigilante: end-to-end containment of {I}nternet
                   worms},
  year =          {2005},
}

@inproceedings{clearview,
  author =        {Perkins, Jeff H. and Kim, Sunghun and Larsen, Sam and
                   Amarasinghe, Saman and Bachrach, Jonathan and
                   Carbin, Michael and Pacheco, Carlos and
                   Sherwood, Frank and Sidiroglou, Stelios and
                   Sullivan, Greg and Wong, Weng F. and Zibin, Yoav and
                   Ernst, Michael D. and Rinard, Martin},
  booktitle =     {Proc. of the 22nd {ACM} Symposium on Operating
                   Systems Principles (SOSP'09)},
  crossref =      {sosp09},
  month =         oct,
  title =         {Automatically patching errors in deployed software},
  year =          {2009},
}

@inproceedings{microreboots,
  author =        {Candea, George and Kawamoto, Shinichi and
                   Fujiki, Yuichi and Friedman, Greg and Fox, Armando},
  booktitle =     {Proc. of the 6th {USENIX} Symposium on Operating
                   Systems Design and Implementation (OSDI'04)},
  crossref =      {osdi04},
  month =         dec,
  title =         {Microreboot---A technique for cheap recovery},
  year =          {2004},
}

@inproceedings{song:oakland06,
  author =        {David Brumley and James Newsome and Dawn Song and
                   Hao Wang and Somesh Jha},
  booktitle =     {Proc. of the {IEEE} Symposium on Security and Privacy
                   ({IEEE} S\&P'06)},
  crossref =      {ieee-sp06},
  month =         may,
  title =         {Towards Automatic Generation of Vulnerability-Based
                   Signatures},
  year =          {2006},
}

@techreport{roc,
  author =        {David Patterson and Aaron Brown and Pete Broadwell and
                   George Candea and George C and Mike Chen and
                   James Cutler and Armando and Patricia Enriquez and
                   O Fox and David Oppenheimer and Emre Kcman and
                   Matthew Merzbacher and Naveen Sastry and
                   William Tetzlaff and Jonathan Traupman and
                   Noah Treuhaft},
  institution =   {UC Berkeley, Computer Science Dept.},
  title =         {Recovery Oriented Computing (ROC): Motivation,
                   Definition, Techniques, and Case Studies},
  year =          {2002},
}

@inproceedings{sfi:sosp93,
  author =        {Wahbe, Robert and Lucco, Steven and
                   Anderson, Thomas E. and Graham, Susan L.},
  booktitle =     {Proc. of the 14th {ACM} Symposium on Operating
                   Systems Principles (SOSP'93)},
  crossref =      {sosp93},
  month =         dec,
  title =         {Efficient software-based fault isolation},
  year =          {1993},
}

@inproceedings{cisc-sfi:usenix-sec06,
  author =        {McCamant, Stephen and Morrisett, Greg},
  booktitle =     {Proc. of the 15th {USENIX} Security Symposium
                   ({USENIX} Security'06)},
  crossref =      {usenix-sec06},
  month =         jul # {-} # aug,
  title =         {Evaluating {SFI} for a {CISC} architecture},
  year =          {2006},
}

@inproceedings{douceur08,
  author =        {Douceur, John R. and Elson, Jeremy and Howell, Jon and
                   Lorch, Jacob R.},
  booktitle =     {Proc. of the 8th {USENIX} Symposium on Operating
                   Systems Design and Implementation (OSDI'08)},
  crossref =      {osdi08},
  month =         dec,
  title =         {Leveraging legacy code to deploy desktop applications
                   on the web},
  year =          {2008},
}

@inproceedings{nacl,
  author =        {Bennet Yee and David Sehr and Gregory Dardyk and
                   J. Bradley Chen and Robert Muth and Tavis Ormandy and
                   Shiki Okasaka and Neha Narula and Nicholas Fullagar},
  booktitle =     {Proc. of the {IEEE} Symposium on Security and Privacy
                   ({IEEE} S\&P'09)},
  crossref =      {ieee-sp09},
  month =         may,
  title =         {{Native Client}: A Sandbox for Portable, Untrusted
                   x86 Native Code},
  year =          {2009},
}

@inproceedings{jain1999,
  author =        {K. Jain and R. Sekar},
  booktitle =     {Proc. of the 6th Network and Distributed System
                   Security Symposium (NDSS'99)},
  crossref =      {ndss99},
  month =         feb,
  title =         {User-Level Infrastructure for System Call
                   Interposition: A Platform for Intrusion Detection and
                   Confinement},
  year =          {1999},
}

@inproceedings{provos2002,
  author =        {Niels Provos},
  booktitle =     {Proc. of the 11th {USENIX} Security Symposium
                   ({USENIX} Security'02)},
  crossref =      {usenix-sec02},
  month =         aug,
  title =         {Improving host security with system call policies},
  year =          {2002},
}

@techreport{janus,
  author =        {David A. Wagner},
  institution =   {University of California at Berkley},
  number =        {UCB/CSD-99-1056},
  title =         {Janus: an Approach for Confinement of Untrusted
                   Applications},
  year =          {1999},
  url =           {http://www.eecs.berkeley.edu/Pubs/TechRpts/1999/5271.html},
}

@inproceedings{ostia,
  author =        {Tal Garfinkel and Ben Pfaff and Mendel Rosenblum},
  booktitle =     {Proc. of the 11th Network and Distributed System
                   Security Symposium (NDSS'04)},
  crossref =      {ndss04},
  month =         feb,
  title =         {Ostia: A Delegating Architecture for Secure System
                   Call Interposition},
  year =          {2004},
}

@inproceedings{jockey,
  author =        {Yasushi Saito},
  booktitle =     {Proc. of the 6th International Workshop on Automated
                   Debugging (AADEBUG'05)},
  crossref =      {aadebug05},
  month =         sep,
  title =         {Jockey: a user-space library for record-replay
                   debugging},
  year =          {2005},
}

@inproceedings{geels06,
  author =        {Dennis Geels and Gautam Altekar and Scott Shenker and
                   Ion Stoica},
  booktitle =     {Proc. of the 2006 USENIX Annual Technical Conference
                   (USENIX ATC'06)},
  crossref =      {usenix-atc06},
  month =         may # {-} # jun,
  title =         {Replay debugging for distributed applications},
  year =          {2006},
}

@inproceedings{r2,
  author =        {Zhenyu Guo and Xi Wang and Jian Tang and Xuezheng Liu and
                   Zhilei Xu and Ming Wu and M. Frans Kaashoek and
                   Zheng Zhang},
  booktitle =     {Proc. of the 8th {USENIX} Symposium on Operating
                   Systems Design and Implementation (OSDI'08)},
  crossref =      {osdi08},
  month =         dec,
  title =         {R2: An Application-Level Kernel for Record and
                   Replay},
  year =          {2008},
}

@proceedings{icse13,
  booktitle =     {Proc. of the 35th International Conference on
                   Software Engineering (ICSE'13)},
  month =         may,
  year =          {2013},
}

@proceedings{icse12,
  booktitle =     {Proc. of the 34th International Conference on
                   Software Engineering (ICSE'12)},
  month =         jun,
  year =          {2012},
}

@proceedings{spin12,
  booktitle =     {Proc. of the 19th International {SPIN} Workshop on
                   Model Checking of Software (SPIN'12)},
  month =         jul,
  year =          {2012},
}

@proceedings{foser10,
  booktitle =     {Proc. of the FSE/SDP workshop on the Future of
                   Software Engineering Research (FoSER'10)},
  month =         nov,
  year =          {2010},
}

@proceedings{osdi08,
  booktitle =     {Proc. of the 8th {USENIX} Symposium on Operating
                   Systems Design and Implementation (OSDI'08)},
  month =         dec,
  year =          {2008},
}

@proceedings{osdi04,
  booktitle =     {Proc. of the 6th {USENIX} Symposium on Operating
                   Systems Design and Implementation (OSDI'04)},
  month =         dec,
  year =          {2004},
}

@proceedings{pldi05,
  booktitle =     {Proc. of the Conference on Programing Language Design
                   and Implementation (PLDI'05)},
  month =         jun,
  year =          {2005},
}

@proceedings{usenix-sec02,
  booktitle =     {Proc. of the 11th {USENIX} Security Symposium
                   ({USENIX} Security'02)},
  month =         aug,
  year =          {2002},
}

@proceedings{sosp09,
  booktitle =     {Proc. of the 22nd {ACM} Symposium on Operating
                   Systems Principles (SOSP'09)},
  month =         oct,
  year =          {2009},
}

@proceedings{fse08,
  booktitle =     {Proc. of the {ACM} Symposium on the Foundations of
                   Software Engineering (FSE'08)},
  month =         nov,
  year =          {2008},
}

@proceedings{issta08,
  booktitle =     {Proc. of the International Symposium on Software
                   Testing and Analysis (ISSTA'08)},
  month =         jul,
  year =          {2008},
}

@proceedings{icst12,
  booktitle =     {Proc. of the IEEE International Conference on
                   Software Testing, Verification, and Validation
                   (ICST'12)},
  month =         apr,
  year =          {2012},
}

@proceedings{ieee-sp06,
  booktitle =     {Proc. of the {IEEE} Symposium on Security and Privacy
                   ({IEEE} S\&P'06)},
  month =         may,
  year =          {2006},
}

@proceedings{sosp05,
  booktitle =     {Proc. of the 20th {ACM} Symposium on Operating
                   Systems Principles (SOSP'05)},
  month =         oct,
  year =          {2005},
}

@proceedings{ndss08,
  booktitle =     {Proc. of the 15th Network and Distributed System
                   Security Symposium (NDSS'08)},
  month =         feb,
  year =          {2008},
}

@proceedings{cgo06,
  booktitle =     {Proc. of the 4th International Symposium on Code
                   Generation and Optimization (CGO'06)},
  month =         mar,
  year =          {2006},
}

@proceedings{asplos09,
  booktitle =     {Proc. of the 14th International Conference on
                   Architectural Support for Programming Languages and
                   Operating Systems (ASPLOS'09)},
  month =         mar,
  year =          {2009},
}

@proceedings{usenix-sec12,
  booktitle =     {Proc. of the 21st {USENIX} Security Symposium
                   ({USENIX} Security'12)},
  month =         {Aug.},
  year =          {2012},
}

@proceedings{hotdep07,
  booktitle =     {Proc. of the 3rd Workshop on Hot Topics in System
                   Dependability (HotDep'07)},
  month =         jun,
  year =          {2007},
}

@proceedings{issre12,
  booktitle =     {Proc. of the 23rd International Symposium on Software
                   Reliability Engineering (ISSRE'12)},
  month =         nov,
  year =          {2012},
}

@proceedings{issta07,
  booktitle =     {Proc. of the International Symposium on Software
                   Testing and Analysis (ISSTA'07)},
  month =         jul,
  year =          {2007},
}

@proceedings{esec-fse07,
  booktitle =     {Proc. of the joint meeting of the European Software
                   Engineering Conference and the {ACM} Symposium on the
                   Foundations of Software Engineering (ESEC/FSE'07)},
  month =         sep,
  year =          {2007},
}

@proceedings{aspec09,
  booktitle =     {Proc. of the 16th Asia-Pacific Software Engineering
                   Conference (ASPEC'09)},
  month =         dec,
  year =          {2009},
}

@proceedings{fse10,
  booktitle =     {Proc. of the {ACM} Symposium on the Foundations of
                   Software Engineering (FSE'10)},
  month =         nov,
  year =          {2010},
}

@proceedings{issta02,
  booktitle =     {Proc. of the International Symposium on Software
                   Testing and Analysis (ISSTA'02)},
  month =         jul,
  year =          {2002},
}

@proceedings{issta11,
  booktitle =     {Proc. of the International Symposium on Software
                   Testing and Analysis (ISSTA'11)},
  month =         jul,
  year =          {2011},
}

@proceedings{esec-fse13,
  booktitle =     {Proc. of the joint meeting of the European Software
                   Engineering Conference and the {ACM} Symposium on the
                   Foundations of Software Engineering (ESEC/FSE'13)},
  month =         aug,
  year =          {2013},
}

@proceedings{sosp07,
  booktitle =     {Proc. of the 21st {ACM} Symposium on Operating
                   Systems Principles (SOSP'07)},
  month =         oct,
  year =          {2007},
}

@proceedings{ftcs78,
  booktitle =     {Proc. of the 8th IEEE International Symposium on
                   Fault Tolerant Computing (FTCS'78)},
  month =         jun,
  year =          {1978},
}

@proceedings{usenix-sec06,
  booktitle =     {Proc. of the 15th {USENIX} Security Symposium
                   ({USENIX} Security'06)},
  month =         jul # {-} # aug,
  year =          {2006},
}

@proceedings{eurosys09,
  booktitle =     {Proc. of the 4th European Conference on Computer
                   Systems (EuroSys'09)},
  month =         mar # {-} # apr,
  year =          {2009},
}

@proceedings{cf10,
  booktitle =     {Proc. of the 7th ACM International Conference on
                   Computing Frontiers (CF'10)},
  month =         may,
  year =          {2010},
}

@proceedings{lisa02,
  booktitle =     {Proc. of the 16th USENIX Conference on System
                   Administration (LISA'02)},
  month =         nov,
  year =          {2002},
}

@proceedings{pldi06,
  booktitle =     {Proc. of the Conference on Programing Language Design
                   and Implementation (PLDI'06)},
  month =         jun,
  year =          {2006},
}

@proceedings{eurosys07,
  booktitle =     {Proc. of the 2nd European Conference on Computer
                   Systems (EuroSys'07)},
  month =         mar,
  year =          {2007},
}

@proceedings{usenix-atc04,
  booktitle =     {Proc. of the 2004 USENIX Annual Technical Conference
                   (USENIX ATC'04)},
  month =         jun # {-} # jul,
  year =          {2004},
}

@proceedings{sosp11,
  booktitle =     {Proc. of the 23rd {ACM} Symposium on Operating
                   Systems Principles (SOSP'11)},
  month =         oct,
  year =          {2011},
}

@proceedings{asplos10,
  booktitle =     {Proc. of the 15th International Conference on
                   Architectural Support for Programming Languages and
                   Operating Systems (ASPLOS'10)},
  month =         mar,
  year =          {2010},
}

@proceedings{ndss12,
  booktitle =     {Proc. of the 19th Network and Distributed System
                   Security Symposium (NDSS'12)},
  month =         feb,
  year =          {2012},
}

@proceedings{nsdi07,
  booktitle =     {Proc. of the 4th {USENIX} Symposium on Networked
                   Systems Design and Implementation (NSDI'07)},
  month =         apr,
  year =          {2007},
}

@proceedings{oopsla09,
  booktitle =     {Proc. of the 24th Annual Conference on
                   Object-Oriented Programming Systems, Languages and
                   Applications (OOPSLA'09)},
  month =         oct,
  year =          {2009},
}

@proceedings{sas11,
  booktitle =     {Proc. of the 18th International Static Analysis
                   Symposium (SAS'11)},
  month =         sep,
  year =          {2011},
}

@proceedings{pldi11,
  booktitle =     {Proc. of the Conference on Programing Language Design
                   and Implementation (PLDI'11)},
  month =         jun,
  year =          {2011},
}

@proceedings{ieee-sp09,
  booktitle =     {Proc. of the {IEEE} Symposium on Security and Privacy
                   ({IEEE} S\&P'09)},
  month =         may,
  year =          {2009},
}

@proceedings{ase12,
  booktitle =     {Proc. of the 27th IEEE International Conference on
                   Automated Software Engineering (ASE'12)},
  month =         sep,
  year =          {2012},
}

@proceedings{aadebug05,
  booktitle =     {Proc. of the 6th International Workshop on Automated
                   Debugging (AADEBUG'05)},
  month =         sep,
  year =          {2005},
}

@proceedings{usenix-atc06,
  booktitle =     {Proc. of the 2006 USENIX Annual Technical Conference
                   (USENIX ATC'06)},
  month =         may # {-} # jun,
  year =          {2006},
}

@proceedings{sigmetrics10,
  booktitle =     {Proc. of the ACM SIGMETRICS 2010 (SIGMETRICS'10)},
  month =         jun,
  year =          {2010},
}

@proceedings{oopsla12,
  booktitle =     {Proc. of the 27th Annual Conference on
                   Object-Oriented Programming Systems, Languages and
                   Applications (OOPSLA'12)},
  month =         oct,
  year =          {2012},
}

@proceedings{usenix-atc09,
  booktitle =     {Proc. of the 2009 USENIX Annual Technical Conference
                   ({USENIX} ATC'09)},
  month =         jun,
  year =          {2009},
}

@proceedings{icse99,
  booktitle =     {Proc. of the 21st International Conference on
                   Software Engineering (ICSE'99)},
  month =         may,
  year =          {1999},
}

@proceedings{ndss04,
  booktitle =     {Proc. of the 11th Network and Distributed System
                   Security Symposium (NDSS'04)},
  month =         feb,
  year =          {2004},
}

@proceedings{msr07,
  booktitle =     {Proc. of the 4th International Workshop on Mining
                   Software Repositories (MSR'07)},
  month =         may,
  year =          {2007},
}

@proceedings{defects08,
  booktitle =     {Proc. of the 2008 International Workshop on Defects
                   in Large Software Systems (DEFECTS'08)},
  month =         jul,
  year =          {2008},
}

@proceedings{msr05,
  booktitle =     {Proc. of the 2005 International Workshop on Mining
                   Software Repositories (MSR'05)},
  month =         may,
  year =          {2005},
}

@proceedings{ase06,
  booktitle =     {Proc. of the 21st IEEE International Conference on
                   Automated Software Engineering (ASE'06)},
  month =         sep,
  year =          {2006},
}

@proceedings{issre13,
  booktitle =     {Proc. of the 24th International Symposium on Software
                   Reliability Engineering (ISSRE'13)},
  month =         nov,
  year =          {2013},
}

@proceedings{esem10,
  booktitle =     {Proc. of the 4th International Symposium on Empirical
                   Software Engineering and Measurement (ESEM'10)},
  month =         sep,
  year =          {2010},
}

@proceedings{ppopp08,
  booktitle =     {Proc. of the 13th {ACM} Symposium on Principles and
                   Practice of Parallel Programming (PPoPP'08)},
  month =         feb,
  year =          {2008},
}

@proceedings{ipdps10,
  booktitle =     {Proc. of the 24th IEEE International Parallel \&
                   Distributed Processing Symposium (IPDPS'10)},
  month =         apr,
  year =          {2010},
}

@proceedings{ndss99,
  booktitle =     {Proc. of the 6th Network and Distributed System
                   Security Symposium (NDSS'99)},
  month =         feb,
  year =          {1999},
}

@proceedings{usenix-nt99,
  booktitle =     {Proc. of the 3rd USENIX Windows NT Symposium (USENIX
                   NT'99)},
  month =         jul,
  year =          {1999},
}

@proceedings{esec-fse11,
  booktitle =     {Proc. of the joint meeting of the European Software
                   Engineering Conference and the {ACM} Symposium on the
                   Foundations of Software Engineering (ESEC/FSE'11)},
  month =         sep,
  year =          {2011},
}

@proceedings{usenix-win93,
  booktitle =     {Proc. of the 1993Winter USENIX Conference},
  month =         jan,
  year =          {1993},
}

@proceedings{nspw10,
  booktitle =     {Proc. of the 2010 Workshop on New Security Paradigms
                   (NSPW'10)},
  month =         sep,
  year =          {2010},
}

@proceedings{sosp93,
  booktitle =     {Proc. of the 14th {ACM} Symposium on Operating
                   Systems Principles (SOSP'93)},
  month =         dec,
  year =          {1993},
}

@article{acm-tosem,
  journal =       {ACM Transactions on Software Engineering Methodology
                   (TOSEM)},
}

@article{ieee-tdsc,
  journal =       {IEEE Transactions on Dependable and Secure Computing
                   (TDSC)},
}

@article{ijis,
  journal =       {Springer International Journal of Information
                   Security (IJIS)},
}

@article{cacm,
  journal =       {Communications of the Association for Computing
                   Machinery (CACM)},
}

@article{ieee-tse,
  journal =       {IEEE Transactions on Software Engineering (TSE)},
}

@article{ist,
  journal =       {Information and Software Technology (IST)},
}

@article{empsweng,
  journal =       {Empirical Software Engineering (EMSE)},
}

@article{acm-tissec,
  journal =       {{ACM} Transactions on Information and System Security
                   (TISSEC)},
}

