
%%% OSDI %%%
@Proceedings{osdi00,
  booktitle = "OSDI'00",
}

@Proceedings{osdi02,
  booktitle = "OSDI'02",
}

@Proceedings{osdi04,
  booktitle = "OSDI'04",
}

@Proceedings{osdi06,
  booktitle = "OSDI'06",
}

@Proceedings{osdi08,
  booktitle = "OSDI'08",
}

@Proceedings{osdi10,
  booktitle = "OSDI'10",
}

%%% SOSP %%%
@Proceedings{sosp93,
  booktitle = "SOSP'93",
}

@Proceedings{sosp97,
  booktitle = "SOSP'97",
}

@Proceedings{sosp01,
  booktitle = "SOSP'01",
}

@Proceedings{sosp05,
  booktitle = "SOSP'05",
}

@Proceedings{sosp07,
  booktitle = "SOSP'07",
}

@Proceedings{sosp09,
  booktitle = "SOSP'09",
}

@Proceedings{sosp11,
  booktitle = "SOSP'11",
}


%%% EuroSys %%%
@Proceedings{eurosys06,
  booktitle = "EuroSys'06",
}

@Proceedings{eurosys07,
  booktitle = "EuroSys'07",
}

@Proceedings{eurosys09,
  booktitle = "EuroSys'09",
}

@Proceedings{eurosys10,
  booktitle = "EuroSys'10",
}

@Proceedings{eurosys11,
  booktitle = "EuroSys'11",
}


%%% SPIN %%%
@Proceedings{spin99,
  booktitle = "SPIN'99",
}

@Proceedings{spin00,
  booktitle = "SPIN'00",
}

@Proceedings{spin01,
  booktitle = "SPIN'01",
}

@Proceedings{spin05,
  booktitle = "SPIN'05",
}

@Proceedings{spin12,
  booktitle = "SPIN'12",
}

%%% MSR %%%

@Proceedings{msr05,
  booktitle = "MSR'05",
}

@Proceedings{msr06,
  booktitle = "MSR'06",
}

@Proceedings{msr07,
  booktitle = "MSR'07",
}

@Proceedings{msr08,
  booktitle = "MSR'08",
}

@Proceedings{msr09,
  booktitle = "MSR'09",
}

@Proceedings{msr10,
  booktitle = "MSR'10",
}

@Proceedings{msr11,
  booktitle = "MSR'11",
}

@Proceedings{msr12,
  booktitle = "MSR'12",
}

@Proceedings{msr13,
  booktitle = "MSR'13",
}

%%% Other workshops %%%

@Proceedings{defects08,
  booktitle = "DEFECTS'08",
}

@Proceedings{dsmm09,
  booktitle = "DSMM'09",
}

%%% USENIX Technical %%%
@Proceedings{usenix-win92,
  booktitle = PROC # "1992 " # USENIX-Winter,
}

@Proceedings{usenix-win93,
  booktitle = PROC # "1993" # USENIX-Winter,
}

@Proceedings{usenix-atc04,
  booktitle = "USENIX ATC'04",
}

@Proceedings{usenix-atc06,
  booktitle = "USENIX ATC'06",
}

@Proceedings{usenix-atc08,
  booktitle = "{USENIX} ATC'08",
}

@Proceedings{usenix-atc09,
  booktitle = "{USENIX} ATC'09",
}

@Proceedings{usenix-atc10,
  booktitle = "USENIX ATC'10",
}

@Proceedings{usenix-atc13,
  booktitle = "USENIX ATC'13",
}

@Proceedings{usenix-nt99,
  booktitle = "USENIX NT'99",
}


%%% CCS %%%
@Proceedings{ccs03,
  booktitle = "CCS'03",
}

@Proceedings{ccs06,
  booktitle = "CCS'06",
}


%%% ASIACCS %%%
@Proceedings{asiaccs07,
  booktitle = "ASIACCS'07",
}


%%% USENIX Security %%%
@Proceedings{usenix-sec01,
   booktitle = "{USENIX} Security'01",
}

@Proceedings{usenix-sec02,
   booktitle = "{USENIX} Security'02",
}

@Proceedings{usenix-sec03,
   booktitle = "{USENIX} Security'03",
}

@Proceedings{usenix-sec05,
   booktitle = "{USENIX} Security'05",
}

@Proceedings{usenix-sec06,
   booktitle = "{USENIX} Security'06",
}

@Proceedings{usenix-sec11,
   booktitle = "{USENIX} Security'11",
}

@Proceedings{usenix-sec12,
  booktitle = "{USENIX} Security'12",
}

%%% IEEE Security & Privacy %%%
@Proceedings{ieee-sp06,
   booktitle = "{IEEE} S\&P'06",
}

@Proceedings{ieee-sp07,
  booktitle = "{IEEE} S\&P'07",
}

@Proceedings{ieee-sp08,
   booktitle = "{IEEE} S\&P'08",
}

@Proceedings{ieee-sp09,
   booktitle = "{IEEE} S\&P'09",
}

@Proceedings{ieee-sp10,
   booktitle = "{IEEE} S\&P'10",
}

@Proceedings{ieee-sp12,
   booktitle = "{IEEE} S\&P'12",
}

@Proceedings{ieee-sp13,
  booktitle = "{IEEE} S\&P'13",
}

@Proceedings{ieee-sp14,
  booktitle = "{IEEE} S\&P'14",
}

%%% ACSAC %%%

@Proceedings{acsac04,
  booktitle = "ACSAC'04",
}

@Proceedings{acsac08,
  booktitle = "ACSAC'08",
}

%%% ISSTA %%%
@Proceedings{issta96,
  booktitle = "ISSTA'96",
}

@Proceedings{issta98,
  booktitle = "ISSTA'98",
}

@Proceedings{issta02,
  booktitle = "ISSTA'02",
}

@Proceedings{issta04,
  booktitle = "ISSTA'04",
}

@Proceedings{issta06,
  booktitle = "ISSTA'06",
}

@Proceedings{issta07,
  booktitle = "ISSTA'07",
}

@Proceedings{issta08,
  booktitle = "ISSTA'08",
}

@Proceedings{issta09,
  booktitle = "ISSTA'09",
}

@Proceedings{issta10,
  booktitle = "ISSTA'10",
}

@Proceedings{issta11,
  booktitle = "ISSTA'11",
}

@Proceedings{issta12,
  booktitle = "ISSTA'12",
}


%%% TACAS %%%
@Proceedings{tacas03,
  booktitle = "TACAS'03",
}

@Proceedings{tacas04,
  booktitle = "TACAS'04",
}

@Proceedings{tacas07,
  booktitle = "TACAS'07",
}

@Proceedings{tacas08,
  booktitle = "TACAS'08",
}

@Proceedings{tacas09,
  booktitle = "TACAS'09",
}


@Proceedings{tacas10,
  booktitle = "TACAS'10",
}

@Proceedings{tacas12,
  booktitle = "TACAS'12",
}

%%% HVC 
@Proceedings{hvc11,
  booktitle = "HVC'11",
}

%%% ICSE %%%
@Proceedings{icse99,
  booktitle = "ICSE'99",
}

@Proceedings{icse00,
  booktitle = "ICSE'00",
}

@Proceedings{icse02,
  booktitle = "ICSE'02",
}

@Proceedings{icse04,
  booktitle = "ICSE'04",
}

@Proceedings{icse05,
  booktitle = "ICSE'05",
}

@Proceedings{icse06,
  booktitle = "ICSE'06",
}

@Proceedings{icse07,
  booktitle = "ICSE'07",
}

@Proceedings{icse08,
  booktitle = "ICSE'08",
}

@Proceedings{icse09,
  booktitle = "ICSE'09",
}

@Proceedings{icse10,
  booktitle = "ICSE'10",
}

@Proceedings{icse11,
  booktitle = "ICSE'11",
}

@Proceedings{icse12,
  booktitle = "ICSE'12",
}

@Proceedings{icse13,
  booktitle = "ICSE'13",
}

@Proceedings{icse14,
  booktitle = "ICSE'14",
}

%%% ICSE Tracks %%%

@Proceedings{icse-impact11,
  booktitle = "ICSE Impact'11",
}

%%% FSE %%%
@Proceedings{fse98,
  booktitle = "FSE'98",
}

@Proceedings{fse10,
  booktitle = "FSE'10",
}

@Proceedings{fse12,
  booktitle = "FSE'12",
}

%%% ESEC/FSE %%%
@Proceedings{esec-fse99,
  booktitle = "ESEC/FSE'99",
}

@Proceedings{esec-fse01,
  booktitle = "ESEC/FSE'01",
}

@Proceedings{esec-fse03,
  booktitle = "ESEC/FSE'03",
}

@Proceedings{esec-fse05,
  booktitle = "ESEC/FSE'05",
}

@Proceedings{esec-fse07,
  booktitle = "ESEC/FSE'07",
}

@Proceedings{fse08,
  booktitle = "FSE'08",
}

@Proceedings{esec-fse11,
  booktitle = "ESEC/FSE'11",
}

@Proceedings{esec-fse13,
  booktitle = "ESEC/FSE'13",
}

%%% ASE %%%
@Proceedings{ase00,
  booktitle = "ASE'00",
}

@Proceedings{ase01,
  booktitle = "ASE'01",
}

@Proceedings{ase06,
  booktitle = "ASE'06",
}

@Proceedings{ase07,
  booktitle = "ASE'07",
}

@Proceedings{ase08,
  booktitle = "ASE'08",
}

@Proceedings{ase09,
  booktitle = "ASE'09",
}

@Proceedings{ase11,
  booktitle = "ASE'11",
}

@Proceedings{ase12,
  booktitle = "ASE'12",
}

%%% ICSM %%%

@Proceedings{icsm01,
  booktitle = "ICSM'01",
}

@Proceedings{icsm07,
  booktitle = "ICSM'07",
}


%%% ASPEC %%%
@Proceedings{aspec09,
  booktitle = "ASPEC'09",
}


%%% AADEBUG %%%
@Proceedings{aadebug97,
  booktitle = "AADEBUG'97",
}

@Proceedings{aadebug03,
  booktitle = "AADEBUG'03",
}

@Proceedings{aadebug05,
  booktitle = "AADEBUG'05",
}

%%% PLDI %%%
@Proceedings{pldi99,
  booktitle = "PLDI'99",
}

@Proceedings{pldi00,
  booktitle = "PLDI'00",
}

@Proceedings{pldi01,
  booktitle = "PLDI'01",
}

@Proceedings{pldi02,
  booktitle = "PLDI'02",
}

@Proceedings{pldi04,
  booktitle = "PLDI'04",
}

@Proceedings{pldi05,
  booktitle = "PLDI'05",
}

@Proceedings{pldi06,
  booktitle = "PLDI'06",
}

@Proceedings{pldi07,
  booktitle = "PLDI'07",
}

@Proceedings{pldi09,
  booktitle = "PLDI'09",
}

@Proceedings{pldi11,
  booktitle = "PLDI'11",
}

@Proceedings{pldi12,
  booktitle = "PLDI'12",
}

%%% POPL %%%
@Proceedings{popl73,
  booktitle = "POPL'73",
}

@Proceedings{popl77,
  booktitle = "POPL'77",
}

@Proceedings{popl91,
  booktitle = "POPL'91",
}

@Proceedings{popl93,
  booktitle = "POPL'93",
}

@Proceedings{popl96,
  booktitle = "POPL'96",
}

@Proceedings{popl97,
  booktitle = "POPL'97",
}

@Proceedings{popl98,
  booktitle = "POPL'98",
}

@Proceedings{popl99,
  booktitle = "POPL'99",
}

@Proceedings{popl00,
  booktitle = "POPL'00",
}

@Proceedings{popl02,
  booktitle = "POPL'02",
}

@Proceedings{popl03,
  booktitle = "POPL'03",
}

@Proceedings{popl04,
  booktitle = "POPL'04",
}

@Proceedings{popl05,
  booktitle = "POPL'05",
}

@Proceedings{popl06,
  booktitle = "POPL'06",
}

@Proceedings{popl07,
  booktitle = "POPL'07",
}


%%% ASPLOS %%%
@Proceedings{asplos00,
  booktitle = "ASPLOS'00",
}

@Proceedings{asplos09,
  booktitle = "ASPLOS'09",
}

@Proceedings{asplos10,
  booktitle = "ASPLOS'10",
}

%%% CC %%%
@Proceedings{cc02,
  booktitle = "CC'02",
}

@Proceedings{cc11,
  booktitle = "CC'11",
}


%%% OOPSLA %%%
@Proceedings{oopsla03,
  booktitle = "OOPSLA'03",
}

@Proceedings{oopsla-companion05,
  booktitle = "OOPSLA'05 Companion",
}

@Proceedings{oopsla07,
  booktitle = "OOPSLA'07",
}

@Proceedings{oopsla09,
  booktitle = "OOPSLA'09",
}

@Proceedings{oopsla12,
  booktitle = "OOPSLA'12",
}

%%% SAS %%%
@Proceedings{sas11,
  booktitle = "SAS'11",
}

@Proceedings{sas99,
  booktitle = "SAS'99",
}


%%% NSDI %%%
@Proceedings{nsdi04,
  booktitle = "NSDI'04",
}

@Proceedings{nsdi07,
  booktitle = "NSDI'07",
}


%%% NDSS %%%
@Proceedings{ndss99,
  booktitle = "NDSS'99",
}

@Proceedings{ndss00,
  booktitle = "NDSS'00",
}

@Proceedings{ndss04,
  booktitle = "NDSS'04",
}

@Proceedings{ndss05,
  booktitle = "NDSS'05",
}

@Proceedings{ndss06,
  booktitle = "NDSS'06",
}

@Proceedings{ndss08,
  booktitle = "NDSS'08",
}

@Proceedings{ndss10,
  booktitle = "NDSS'10",
}

@Proceedings{ndss11,
  booktitle = "NDSS'11",
}

@Proceedings{ndss12,
  booktitle = "NDSS'12",
}

%%% DAC %%%
@Proceedings{dac98,
  booktitle = "DAC'98",
}

@Proceedings{dac03,
  booktitle = "DAC'03",
}

@Proceedings{dac09,
  booktitle = "DAC'09",
}


%%% CAV %%%
@Proceedings{cav94,
  booktitle = "CAV'94",
}

@Proceedings{cav97,
  booktitle = "CAV'97",
}

@Proceedings{cav99,
  booktitle = "CAV'99",
}

@Proceedings{cav00,
  booktitle = "CAV'00",
}

@Proceedings{cav01,
  booktitle = "CAV'01",
}

@Proceedings{cav02,
  booktitle = "CAV'02",
}

@Proceedings{cav03,
  booktitle = "CAV'03",
}

@Proceedings{cav04,
  booktitle = "CAV'04",
}

@Proceedings{cav05,
  booktitle = "CAV'05",
}

@Proceedings{cav06,
  booktitle = "CAV'06",
}

@Proceedings{cav07,
  booktitle = "CAV'07",
}

@Proceedings{cav08,
  booktitle = "CAV'08",
}

@Proceedings{cav09,
  booktitle = "CAV'09",
}

@Proceedings{cav10,
  booktitle = "CAV'10",
}

@Proceedings{cav11,
  booktitle = "CAV'11",
}

@Proceedings{cav12,
  booktitle = "CAV'12",
}

@Proceedings{cav13,
  booktitle = "CAV'13",
}


%% PPoPP 

@Proceedings{ppopp03,
  booktitle = "PPoPP'03",
}

@Proceedings{ppopp08,
  booktitle = "PPoPP'08",
}

@Proceedings{ppopp11,
  booktitle = "PPoPP'11",
}

@Proceedings{ppopp12,
  booktitle = "PPoPP'12",
}

@Proceedings{ppopp13,
  booktitle = "PPoPP'13",
}

%%% FMCAD %%%

@Proceedings{fmcad98,
  booktitle = "FMCAD'08",
}

@Proceedings{fmcad12,
  booktitle = "FMCAD'12",
}



%%% IJCAI

@Proceedings{ijcai99,
  booktitle = "IJCAI'99",
}

@Proceedings{ijcai07,
  booktitle = "IJCAI'07",
}

@Proceedings{ijcai09,
  booktitle = "IJCAI'09",
} 

%%% ISSRE

@Proceedings{issre96,
  booktitle = "ISSRE'96",
}

@Proceedings{issre98,
  booktitle = "ISSRE'98",
}

@Proceedings{issre03,
  booktitle = "ISSRE'03",
}

@Proceedings{issre10,
  booktitle = "ISSRE'10",
}

@Proceedings{issre11,
  booktitle = "ISSRE'11",
}

@Proceedings{issre12,
  booktitle = "ISSRE'12",
}

@Proceedings{issre13,
  booktitle = "ISSRE'13",
}

%%% Other 

@Proceedings{ipdps10,
  booktitle = "IPDPS'10",
}

@Proceedings{sigmetrics10,
  booktitle = "SIGMETRICS'10",
}

@Proceedings{gpce06,
  booktitle = "GPCE'06",
}

@Proceedings{sensys08,
  booktitle = "SenSys'08",
}

@Proceedings{ipsn10,
  booktitle = "IPSN'10",
}

@Proceedings{asp-dac03,
  booktitle = "ASP-DAC'03",
}

@Proceedings{lics01,
  booktitle = "LICS'01",
}

@Proceedings{wcci08,
  booktitle = "WCCI'08",
}

@Proceedings{csf07,
  booktitle = "CSF'07",
}

@Proceedings{ias07,
  booktitle = "IAS'07",
}

@Proceedings{dcia98,
  booktitle = "DCIA'98",
}

@Proceedings{paste02,
  booktitle = "PASTE'02",
}

@Proceedings{paste04,
  booktitle = "PASTE'04",
}

@Proceedings{paste05,
  booktitle = "PASTE'05",
}

@Proceedings{woda03,
  booktitle = "WODA'03",
}

@Proceedings{woda04,
  booktitle = "WODA'04",
}

@Proceedings{iciss08,
  booktitle = "ICISS'08",
}

@Proceedings{tap08,
  booktitle = "TAP'08",
}

@Proceedings{hotdep07,
  booktitle = "HotDep'07",
}

@Proceedings{hotdep09,
  booktitle = "HotDep'09",
}

@Proceedings{icrs75,
  booktitle = "ICRS'75",
}

@Proceedings{cgo04,
  booktitle = "CGO'04",
}

@Proceedings{cgo06,
  booktitle = "CGO'06",
}

@Proceedings{stmcs08,
  booktitle = "STMCS'08",
}

@Proceedings{hotpar09,
  booktitle = "HotPar'09",
}

@Proceedings{hotpar10,
  booktitle = "HotPar'10",
}

@Proceedings{pespma10,
  booktitle = "PESPMA'10",
}

@Proceedings{pdpar03,
  booktitle = "PDPAR'03",
}

@Proceedings{hotswup12,
  booktitle = "HotSWUp'12",
}

@Proceedings{edcc06,
  booktitle = "EDCC'06",
}

@Proceedings{icccn11,
  booktitle = "ICCCN'11",
}

@Proceedings{ftcs78,
  booktitle = "FTCS'78",
}

@Proceedings{cf10,
  booktitle = "CF'10",
}

@Proceedings{lisa99,
  booktitle = "LISA'99",
}

@Proceedings{lisa02,
  booktitle = "LISA'02",
}

@Proceedings{raid04,
  booktitle = "RAID'04",
}

@Proceedings{sac02,
  booktitle = "SAC'04",
}

@Proceedings{icst12,
  booktitle = "ICST'12",
}

@Proceedings{icstw09,
  booktitle = "ICSTW'09",
}

@Proceedings{sbst09,
  booktitle = "SBST'09",
}

@Proceedings{foser10,
  booktitle = "FoSER'10",
}

@Proceedings{icpads97,
  booktitle = "ICPADS'97",
}

@Proceedings{icpads11,
  booktitle = "ICPADS'11",
}

@Proceedings{esop06,
  booktitle = "ESOP'06",
}

@Proceedings{gecco10,
  booktitle = "GECCO'10",
}

@Proceedings{sstic05,
  booktitle = "SSTIC'05",
}

@Proceedings{ipccc07,
  booktitle= "IPCCC'07",
}

@Proceedings{kr12,
  booktitle = "KR'12",
}

@Proceedings{difts11,
  booktitle = "DIFTS'12",
}

@Proceedings{vlsi07,
  booktitle = "VLSI'07",
}

@Proceedings{ecoop11,
  booktitle = "ECOOP'11",
}

@Proceedings{ifm05,
  booktitle = "IFM'05",
}

@Proceedings{cade13,
  booktitle = "CADE'13",
}

@Proceedings{esem10,
  booktitle = "ESEM'10",
}

@Proceedings{fcst08,
  booktitle = "FCST'08",
}

@Proceedings{regression13,
  booktitle = PROC # "3rd International Workshop on Regression Testing",
}

@Proceedings{dsn09,
  booktitle = "DSN'09",
}

@Proceedings{nspw10,
  booktitle = "NSPW'10",
}

% ----------------------- Journals ------------------------------%


@Article{acm-tosem,
  journal = "TOSEM",
}

@Article{acm-tissec,
  journal = "TISSEC",
}

@Article{empsweng,
  journal = "EMSE",
}

@Article{spe,
  journal = "SPE",
}

@Article{cacm,
  journal = "CACM",
}


@Article{acm-toplas,
  journal = "TOPLAS",
}

@Article{ieee-tse,
  journal = "TSE",
}

@Article{stvr,
  journal = "STVR",
}

@Article{ieee-tdsc,
  journal = "TDSC",
}

@Article{ist,
  journal = "IST",
}

@Article{ijis,
  journal = "IJIS",
}

@Article{ijpp,
  journal = "IJPP",
}

@Article{jair,
  journal = "JAIR",
}

@Article{jsat,
  journal = "JSAT",
}

@Article{acm-csur,
  journal = "ACM Computing Surveys"
}
