
%%% OSDI %%%
@Proceedings{osdi00,
  booktitle = PROC # "4th " # OSDI # " (OSDI'00)",
  year = 2000,
  month = dec,
  location = SanDiego,
}

@Proceedings{osdi02,
  booktitle = PROC # "5th " # OSDI # " (OSDI'02)",
  year = 2002,
  month = dec,
  location = Boston,
}

@Proceedings{osdi04,
  booktitle = PROC # "6th " # OSDI # " (OSDI'04)",
  year = 2004,
  month = dec,
  location = SanFrancisco,
}

@Proceedings{osdi06,
  booktitle = PROC # "7th " # OSDI # " (OSDI'06)",
  year = 2006,
  month = nov,
  location = Seattle,
}

@Proceedings{osdi08,
  booktitle = PROC # "8th " # OSDI # " (OSDI'08)",
  year = 2008,
  month = dec,
  location = SanDiego,
}

@Proceedings{osdi10,
  booktitle = PROC # "9th " # OSDI # " (OSDI'10)",
  year = 2010,
  month = dec,
  location = Vancouver,
}

%%% SOSP %%%
@Proceedings{sosp93,
  booktitle = PROC # "14th " # SOSP # " (SOSP'93)",
  year = 1993,
  month = dec,
  location = Asheville,
}

@Proceedings{sosp95,
  booktitle = PROC # "15th " # SOSP # " (SOSP'95)",
  year = 1995,
  month = dec,
  location = CopperMountain,
}

@Proceedings{sosp97,
  booktitle = PROC # "16th " # SOSP # " (SOSP'97)",
  year = 1997,
  month = oct,
  location = SaintMalo,
}

@Proceedings{sosp01,
  booktitle = PROC # "18th " # SOSP # " (SOSP'01)",
  year = 2001,
  month = oct,
  location = ChateauLakeLouise,
}

@Proceedings{sosp05,
  booktitle = PROC # "20th " # SOSP # " (SOSP'05)",
  year = 2005,
  month = oct,
  location = Brighton,
}

@Proceedings{sosp07,
  booktitle = PROC # "21st " # SOSP # " (SOSP'07)",
  year = 2007,
  month = oct,
  location = Stevenson,
}

@Proceedings{sosp09,
  booktitle = PROC # "22nd " # SOSP # " (SOSP'09)",
  year = 2009,
  month = oct,
  location = BigSky,
}

@Proceedings{sosp11,
  booktitle = PROC # "23rd " # SOSP # " (SOSP'11)",
  year = 2011,
  month = oct,
  location = Cascais,
}


%%% EuroSys %%%
@Proceedings{eurosys06,
  booktitle = PROC # "1st " # EuroSys # " (EuroSys'06)",
  year = 2006,
  month = apr,
  location = Leuven,
}

@Proceedings{eurosys07,
  booktitle = PROC # "2nd " # EuroSys # " (EuroSys'07)",
  year = 2007,
  month = mar,
  location = Lisbon
}

@Proceedings{eurosys09,
  booktitle = PROC # "4th " # EuroSys # " (EuroSys'09)",
  year = 2009,
  month = mar # "-" # apr,
  location = Nuremberg,
}

@Proceedings{eurosys10,
  booktitle = PROC # "5th " # EuroSys # " (EuroSys'10)",
  year = 2010,
  month = apr,
  location = Paris,
}

@Proceedings{eurosys11,
  booktitle = PROC # "6th " # EuroSys # " (EuroSys'11)",
  year = 2011,
  month = apr,
  location = Salzburg,
}

@Proceedings{eurosys13,
  booktitle = PROC # "8th " # EuroSys # " (EuroSys'13)",
  year = 2013,
  month = apr,
  location = Prague,
}

%%% SPIN %%%
@Proceedings{spin99,
  booktitle = PROC #  "6th " # SPIN # " (SPIN'99)",
  year = 1999,
  month = sep,
  location = Toulouse,
}

@Proceedings{spin00,
  booktitle = PROC #  "7th " # SPIN # " (SPIN'00)",
  year = 2000,
  month = aug # "-" # sep,
  location = Stanford,
}

@Proceedings{spin01,
  booktitle = PROC #  "8th " # SPIN # " (SPIN'01)",
  year = 2001,
  month = may,
  location = Toronto,
}

@Proceedings{spin05,
  booktitle = PROC #  "12th " # SPIN # " (SPIN'05)",
  year = 2005,
  month = aug,
  location = SanFrancisco,
}

@Proceedings{spin12,
  booktitle = PROC #  "19th " # SPIN # " (SPIN'12)",
  year = 2012,
  month = jul,
  location = Oxford,
}

%%% MSR %%%

@Proceedings{msr05,
  booktitle = PROC #  "2005 " # MSRW # " (MSR'05)",
  year = 2005,
  month = may,
  location = StLouis,
}

@Proceedings{msr06,
  booktitle = PROC #  "2006 " # MSRW # " (MSR'06)",
  year = 2006,
  month = may,
  location = Shanghai,
}

@Proceedings{msr07,
  booktitle = PROC #  "4th " # MSRW # " (MSR'07)",
  year = 2007,
  month = may,
  location = Minneapolis,
}

@Proceedings{msr08,
  booktitle = PROC #  "2008 " # MSRW # " (MSR'08)",
  year = 2008,
  month = may,
  location = Leipzig,
}

@Proceedings{msr09,
  booktitle = PROC #  "2009 " # MSRW # " (MSR'09)",
  year = 2009,
  month = may,
  location = Vancouver,
}

@Proceedings{msr10,
  booktitle = PROC #  "2010 " # MSRW # " (MSR'10)",
  year = 2010,
  month = may,
  location = CapeTown,
}

@Proceedings{msr11,
  booktitle = PROC #  "2011 " # MSRW # " (MSR'11)",
  year = 2011,
  month = may,
  location = Waikiki,
}

@Proceedings{msr12,
  booktitle = PROC #  "2012 " # MSRW # " (MSR'12)",
  year = 2012,
  month = jun,
  location = Zurich,
}

@Proceedings{msr13,
  booktitle = PROC #  "2013 " # MSRW # " (MSR'13)",
  year = 2013,
  month = may,
  location = SanFrancisco,
}

%%% Other workshops %%%

@Proceedings{defects08,
  booktitle = PROC # "2008 " # DEFECTS # " (DEFECTS'08)",
  month = jul,
  year = 2008,
  location = Seattle,
}

@Proceedings{dsmm09,
  booktitle = PROC # "1st " # DSMM # " (DSMM'09)",
  month = nov,
  year = 2009,
  location = HongKong,
}

@Proceedings{iwmse11,
  booktitle = PROC # "4th " # "International Workshop on Multicore Software Engineering" # " (IWMSE'11)",
  month = may,
  year = {2011},
  location = Honolulu,
}


%%% USENIX Technical %%%
@Proceedings{usenix-win92,
  booktitle = PROC # "1992 " # USENIX-Winter,
  year = 1992,
  month = jan,
  location = SanFrancisco,
}

@Proceedings{usenix-win93,
  booktitle = PROC # "1993" # USENIX-Winter,
  year = 1993,
  month = jan,
  location = SanDiego,
}

@Proceedings{usenix-atc04,
  booktitle = PROC # "2004 " # USENIX-ATC # " (USENIX ATC'04)",
  year = 2004,
  month = jun # "-" # jul,
  location = Boston,
}

@Proceedings{usenix-atc05,
  booktitle = PROC # "2005 " # USENIX-ATC # " (USENIX ATC'05)",
  year = 2005,
  month = apr,
  location = Anaheim,
}

@Proceedings{usenix-atc06,
  booktitle = PROC # "2006 " # USENIX-ATC # " (USENIX ATC'06)",
  year = 2006,
  month = may # "-" # jun,
  location = Boston,
}

@Proceedings{usenix-atc08,
  booktitle = PROC # "2008 " # USENIX-ATC # " ({USENIX} ATC'08)",
  year = 2008,
  month = jun,
  location = Boston,
}

@Proceedings{usenix-atc09,
  booktitle = PROC # "2009 " # USENIX-ATC # " ({USENIX} ATC'09)",
  year = 2009,
  month = jun,
  location = SanDiego,
}

@Proceedings{usenix-atc10,
  booktitle = PROC # "2010 " # USENIX-ATC # " (USENIX ATC'10)",
  year = 2010,
  month = jun,
  location = Boston,
}

@Proceedings{usenix-atc13,
  booktitle = PROC # "2013 " # USENIX-ATC # " (USENIX ATC'13)",
  year = 2013,
  month = jun,
  location = SanJose,
}

@Proceedings{usenix-nt99,
  booktitle = PROC # "3rd " # USENIX-NT # " (USENIX NT'99)",
  year = 1999,
  month = jul,
  location = Seattle,
}


%%% CCS %%%
@Proceedings{ccs03,
  booktitle = PROC # "10th " # CCS # " (CCS'03)",
  year = 2003,
  month = oct,
  location = WashingtonDC,
  OPTpages = {272--280},
}

@Proceedings{ccs04,
  booktitle = PROC # "11th " # CCS # " (CCS'04)",
  year = 2004,
  month = oct,
  location = WashingtonDC,
}

@Proceedings{ccs06,
  booktitle = PROC # "13th " # CCS # " (CCS'06)",
  year = 2006,
  month = oct # "-" # nov,
  location = Alexandria,
}


%%% ASIACCS %%%
@Proceedings{asiaccs07,
  booktitle = PROC # " 2nd " # ASIACCS # " (ASIACCS'07)",
  year = 2007,
  month = mar,
  location = Singapore,
}


%%% USENIX Security %%%
@Proceedings{usenix-sec96,
   booktitle = PROC # "6th " # USENIX-Sec # " ({USENIX} Security'96)",
   year = 1996,
   month = jul,
   location = SanJose,
}

@Proceedings{usenix-sec00,
   booktitle = PROC # "9th " # USENIX-Sec # " ({USENIX} Security'00)",
   year = 2000,
   month = aug,
   location = Denver,
}

@Proceedings{usenix-sec01,
   booktitle = PROC # "10th " # USENIX-Sec # " ({USENIX} Security'01)",
   year = 2001,
   month = aug,
   location = WashingtonDC,
}

@Proceedings{usenix-sec02,
   booktitle = PROC # "11th " # USENIX-Sec # " ({USENIX} Security'02)",
   year = 2002,
   month = aug,
   location = SanFrancisco,
}

@Proceedings{usenix-sec03,
   booktitle = PROC # "12th " # USENIX-Sec # " ({USENIX} Security'03)",
   year = 2003,
   month = aug,
   location = WashingtonDC,
}

@Proceedings{usenix-sec05,
   booktitle = PROC # "14th " # USENIX-Sec # " ({USENIX} Security'05)",
   year = 2005,
   month = aug,
   location = {Baltimore, MD, USA},
}

@Proceedings{usenix-sec06,
   booktitle = PROC # "15th " # USENIX-Sec # " ({USENIX} Security'06)",
   year = 2006,
   month = jul # "-" # aug,
   location = Vancouver,
}

@Proceedings{usenix-sec10,
   booktitle = PROC # "19th " # USENIX-Sec # " ({USENIX} Security'10)",
   year = 2010,
   month = aug,
   location = WashingtonDC,
}

@Proceedings{usenix-sec11,
   booktitle = PROC # "20th " # USENIX-Sec # " ({USENIX} Security'11)",
   year = 2011,
   month = aug,
   location = SanFrancisco,
}

@Proceedings{usenix-sec12,
  booktitle = PROC # "21st " # USENIX-Sec # " ({USENIX} Security'12)",
   year = 2012,
   month = "Aug.",
   location = Bellevue,
}

%%% IEEE Security & Privacy %%%
@Proceedings{ieee-sp99,
   booktitle = PROC # IEEE-SP # " ({IEEE} S\&P'99)",
   year = 1999,
   month = may,
   location = Oakland,
}

@Proceedings{ieee-sp01,
   booktitle = PROC # IEEE-SP # " ({IEEE} S\&P'01)",
   year = 2001,
   month = may,
   location = Oakland,
}

@Proceedings{ieee-sp06,
   booktitle = PROC # IEEE-SP # " ({IEEE} S\&P'06)",
   year = 2006,
   month = may,
   location = Oakland,
}

@Proceedings{ieee-sp07,
  booktitle = PROC # IEEE-SP # " ({IEEE} S\&P'07)",
   year = 2007,
   month = may,
   location = Oakland,
}

@Proceedings{ieee-sp08,
   booktitle = PROC # IEEE-SP # " ({IEEE} S\&P'08)",
   year = 2008,
   month = may,
   location = Oakland,
}

@Proceedings{ieee-sp09,
   booktitle = PROC # IEEE-SP # " ({IEEE} S\&P'09)",
   year = 2009,
   month = may,
   location = Oakland,
}

@Proceedings{ieee-sp10,
   booktitle = PROC # IEEE-SP # " ({IEEE} S\&P'10)",
   year = 2010,
   month = may,
   location = Oakland,
}

@Proceedings{ieee-sp11,
   booktitle = PROC # IEEE-SP # " ({IEEE} S\&P'11)",
   year = 2011,
   month = may,
   location = Oakland,
}

@Proceedings{ieee-sp12,
   booktitle = PROC # IEEE-SP # " ({IEEE} S\&P'12)",
   year = 2012,
   month = may,
   location = SanFrancisco,
}

@Proceedings{ieee-sp13,
  booktitle = PROC # IEEE-SP # " ({IEEE} S\&P'13)",
  year = 2013,
  month = may,
  location = SanFrancisco,
}

@Proceedings{ieee-sp14,
  booktitle = PROC # IEEE-SP # " ({IEEE} S\&P'14)",
  year = 2014,
  month = may,
  location = SanJose,
}

%%% ACSAC %%%

@Proceedings{acsac04,
  booktitle = PROC #  "20th " # ACSAC # " (ACSAC'04)",
  year = 2004,
  month = dec,
  location = Tucson,
}

@Proceedings{acsac08,
  booktitle = PROC #  "24th " # ACSAC # " (ACSAC'08)",
  year = 2008,
  month = dec,
  location = Anaheim,
}

%%% ISSTA %%%
@Proceedings{issta96,
  booktitle = PROC # ISSTA # " (ISSTA'96)",
  year = 1996,
  month = jan,
  location = SanDiego,
}

@Proceedings{issta98,
  booktitle = PROC # ISSTA # " (ISSTA'98)",
  year = 1998,
  month = mar,
  location = ClearwaterBeach,
}

@Proceedings{issta02,
  booktitle = PROC # ISSTA # " (ISSTA'02)",
  year = 2002,
  month = jul,
  location = Rome,
}

@Proceedings{issta04,
  booktitle = PROC # ISSTA # " (ISSTA'04)",
  year = 2004,
  month = jul,
  location = Boston,
}

@Proceedings{issta06,
  booktitle = PROC # ISSTA # " (ISSTA'06)",
  year = 2006,
  month = jul,
  location = Portland,
}

@Proceedings{issta07,
  booktitle = PROC # ISSTA # " (ISSTA'07)",
  year = 2007,
  month = jul,
  location = London,
}

@Proceedings{issta08,
  booktitle = PROC # ISSTA # " (ISSTA'08)",
  year = 2008,
  month = jul,
  location = Seattle,
}

@Proceedings{issta09,
  booktitle = PROC # ISSTA # " (ISSTA'09)",
  year = 2009,
  month = jul,
  location = Chicago,
}

@Proceedings{issta10,
  booktitle = PROC # ISSTA # " (ISSTA'10)",
  year = 2010,
  month = jul,
  location = Trento,
}

@Proceedings{issta11,
  booktitle = PROC # ISSTA # " (ISSTA'11)",
  year = 2011,
  month = jul,
  location = Toronto,
}

@Proceedings{issta12,
  booktitle = PROC # ISSTA # " (ISSTA'12)",
  year = 2012,
  month = jul,
  location = Minneapolis,
}

@Proceedings{issta14,
  booktitle = PROC # ISSTA # " (ISSTA'14)",
  year = 2014,
  month = jul,
  location = SanJose,
}

%%% TACAS %%%
@Proceedings{tacas03,
  booktitle = PROC #  "9th " # TACAS # " (TACAS'03)",
  year = 2003,
  month = apr,
  location = Warsaw,
}

@Proceedings{tacas04,
  booktitle = PROC #  "10th " # TACAS # " (TACAS'04)",
  year = 2004,
  month = mar # "-" # apr,
  location = Barcelona,
}

@Proceedings{tacas07,
  booktitle = PROC # "13th " # TACAS # " (TACAS'07)",
  year = 2007,
  month = mar # "-" # apr,
  location = Braga,
}

@Proceedings{tacas08,
  booktitle = PROC # "14th " # TACAS # " (TACAS'08)",
  year = 2008,
  month = mar # "-" # apr,
  location = Budapest,
}

@Proceedings{tacas09,
  booktitle = PROC # "15th " # TACAS # " (TACAS'09)",
  year = 2009,
  month = mar,
  location = York,
}


@Proceedings{tacas10,
  booktitle = PROC # "16th " # TACAS # " (TACAS'10)",
  year = 2010,
  month = mar,
  location = Paphos,
}

@Proceedings{tacas12,
  booktitle = PROC # "18th " # TACAS # " (TACAS'12)",
  year = 2012,
  month = mar,
  location = Tallinn,
}

%%% HVC 
@Proceedings{hvc11,
  booktitle = PROC # HVC # " (HVC'11)",
  year = 2011,
  month = dec,
  location = Haifa,
}

%%% ICSE %%%
@Proceedings{icse99,
  booktitle = PROC # "21st " # ICSE # " (ICSE'99)",
  year = 1999,
  month = may,
  location = LosAngeles,
}

@Proceedings{icse00,
  booktitle = PROC # "22nd " # ICSE # " (ICSE'00)",
  year = 2000,
  month = jun,
  location = Limerick,
}

@Proceedings{icse02,
  booktitle = PROC # "24th " # ICSE # " (ICSE'02)",
  year = 2002,
  month = may,
  location = Orlando,
}

@Proceedings{icse04,
  booktitle = PROC # "26th " # ICSE # " (ICSE'04)",
  year = 2004,
  month = may,
  location = Edinburgh,
}

@Proceedings{icse05,
  booktitle = PROC # "27th " # ICSE # " (ICSE'05)",
  year = 2005,
  month = may,
  location = StLouis,
}

@Proceedings{icse06,
  booktitle = PROC # "28th " # ICSE # " (ICSE'06)",
  year = 2006,
  month = may,
  location = Shanghai,
}

@Proceedings{icse07,
  booktitle = PROC # "29th " # ICSE # " (ICSE'07)",
  year = 2007,
  month = may,
  location = Minneapolis,
}

@Proceedings{icse08,
  booktitle = PROC # "30th " # ICSE # " (ICSE'08)",
  year = 2008,
  month = may,
  location = Leipzig,
}

@Proceedings{icse09,
  booktitle = PROC # "31st " # ICSE # " (ICSE'09)",
  year = 2009,
  month = may,
  location = Vancouver,
}

@Proceedings{icse10,
  booktitle = PROC # "32nd " # ICSE # " (ICSE'10)",
  year = 2010,
  month = may,
  location = CapeTown,
}

@Proceedings{icse11,
  booktitle = PROC # "33rd " # ICSE # " (ICSE'11)",
  year = 2011,
  month = may,
  location = Honolulu,
}

@Proceedings{icse12,
  booktitle = PROC # "34th " # ICSE # " (ICSE'12)",
  year = 2012,
  month = jun,
  location = Zurich,
}

@Proceedings{icse13,
  booktitle = PROC # "35th " # ICSE # " (ICSE'13)",
  year = 2013,
  month = may,
  location = SanFrancisco,
}

@Proceedings{icse14,
  booktitle = PROC # "36th " # ICSE # " (ICSE'14)",
  year = 2014,
  month = may,
  location = Hyderabad,
}

%%% ICSE Tracks %%%

@Proceedings{icse-impact11,
  booktitle = PROC # "33rd " # ICSE # ", Impact Track (ICSE Impact'11)",
  year = 2011,
  month = may,
  location = Honolulu,
}

%%% FSE %%%
@Proceedings{fse98,
  booktitle = PROC # FSE # " (FSE'98)",
  year = 1998,
  month = nov,
  location = LakeBuenaVista,
}

@Proceedings{fse10,
  booktitle = PROC # FSE # " (FSE'10)",
  year = 2010,
  month = nov,
  location = SantaFe,
}

@Proceedings{fse12,
  booktitle = PROC # SIGSOFT-FSE # " (FSE'12)",
  year = 2012,
  month = nov,
  location = Cary,
}

%%% ESEC/FSE %%%
@Proceedings{esec-fse99,
  booktitle = PROC # ESEC-FSE # " (ESEC/FSE'99)",
  year = 1999,
  month = sep,
  location = Toulouse,
}

@Proceedings{esec-fse01,
  booktitle = PROC # ESEC-FSE # " (ESEC/FSE'01)",
  year = 2001,
  month = sep,
  location = Vienna,
}

@Proceedings{esec-fse03,
  booktitle = PROC # ESEC-FSE # " (ESEC/FSE'03)",
  year = 2003,
  month = sep,
  location = Helsinki,
}

@Proceedings{esec-fse05,
  booktitle = PROC # ESEC-FSE # " (ESEC/FSE'05)",
  year = 2005,
  month = sep,
  location = Lisbon,
}

@Proceedings{esec-fse07,
  booktitle = PROC # ESEC-FSE # " (ESEC/FSE'07)",
  year = 2007,
  month = sep,
  location = Dubrovnik,
}

@Proceedings{fse08,
  booktitle = PROC # FSE # " (FSE'08)",
  year = 2008,
  month = nov,
  location = Atlanta,
}

@Proceedings{esec-fse11,
  booktitle = PROC # ESEC-FSE # " (ESEC/FSE'11)",
  year = 2011,
  month = sep,
  location = Szeged,
}

@Proceedings{esec-fse13,
  booktitle = PROC # ESEC-FSE # " (ESEC/FSE'13)",
  year = 2013,
  month = aug,
  location = SaintPetersburg,
}

%%% ASE %%%
@Proceedings{ase00,
  booktitle = PROC # "15th " # ASE # " (ASE'00)",
  year = 2000,
  month = sep,
  location = Grenoble,
}

@Proceedings{ase01,
  booktitle = PROC # "16th " # ASE # " (ASE'01)",
  year = 2001,
  month = nov,
  location = SanDiego,
}

@Proceedings{ase06,
  booktitle = PROC # "21st " # ASE # " (ASE'06)",
  year = 2006,
  month = sep,
  location = Tokyo,
}

@Proceedings{ase07,
  booktitle = PROC # "22nd " # ASE # " (ASE'07)",
  year = 2007,
  month = nov,
  location = Atlanta,
}

@Proceedings{ase08,
  booktitle = PROC # "23rd " # ASE # " (ASE'08)",
  year = 2008,
  month = sep,
  location = LAquila,
}

@Proceedings{ase09,
  booktitle = PROC # "24th " # ASE # " (ASE'09)",
  year = 2009,
  month = nov,
  location = Auckland,
}

@Proceedings{ase11,
  booktitle = PROC # "26th " # ASE # " (ASE'11)",
  year = 2011,
  month = sep,
  location = Lawrence,
}

@Proceedings{ase12,
  booktitle = PROC # "27th " # ASE # " (ASE'12)",
  year = 2012,
  month = sep,
  location = Essen,
}

%%% ICSM %%%

@Proceedings{icsm01,
  booktitle = PROC # ICSM # " (ICSM'01)",
  year = 2001,
  month = nov,
  location = Florence,
}

@Proceedings{icsm07,
  booktitle = PROC # ICSM # " (ICSM'07)",
  year = 2007,
  month = oct,
  location = Paris,
}


%%% ASPEC %%%
@Proceedings{aspec09,
  booktitle = PROC # "16th " # ASPEC # " (ASPEC'09)",
  year = 2009,
  month = dec,
  location = Penang,
}


%%% AADEBUG %%%
@Proceedings{aadebug97,
  booktitle = PROC # "3rd " # AADEBUG # " (AADEBUG'97)",
  year = 1997,
  month = may,
  location = Linkoping,
}

@Proceedings{aadebug03,
  booktitle = PROC # "5th " # AADEBUG # " (AADEBUG'03)",
  year = 2003,
  month = sep,
  location = Ghent,
}

@Proceedings{aadebug05,
  booktitle = PROC # "6th " # AADEBUG # " (AADEBUG'05)",
  year = 2005,
  month = sep,
  location = Monterey,
}

%%% PLDI %%%
@Proceedings{pldi96,
  booktitle = PROC # PLDI # " (PLDI'96)",
  year = 1996,
  month = may,
  location = Philadelphia,
}

@Proceedings{pldi99,
  booktitle = PROC # PLDI # " (PLDI'99)",
  year = 1999,
  month = may,
  location = Atlanta,
}

@Proceedings{pldi00,
  booktitle = PROC # PLDI # " (PLDI'00)",
  year = 2000,
  month = may,
  location = Vancouver,
}

@Proceedings{pldi01,
  booktitle = PROC # PLDI # " (PLDI'01)",
  year = 2001,
  month = jun,
  location = Snowbird,
}

@Proceedings{pldi02,
  booktitle = PROC # PLDI # " (PLDI'02)",
  year = 2002,
  month = jun,
  location = Berlin,
}

@Proceedings{pldi04,
  booktitle = PROC # PLDI # " (PLDI'04)",
  year = 2004,
  month = jun,
  location = WashingtonDC,
}

@Proceedings{pldi05,
  booktitle = PROC # PLDI # " (PLDI'05)",
  year = 2005,
  month = jun,
  location = Chicago,
}

@Proceedings{pldi06,
  booktitle = PROC # PLDI # " (PLDI'06)",
  year = 2006,
  month = jun,
  location = Ottawa,
}

@Proceedings{pldi07,
  booktitle = PROC # PLDI # " (PLDI'07)",
  year = 2007,
  month = jun,
  location = SanDiego,
}

@Proceedings{pldi09,
  booktitle = PROC # PLDI # " (PLDI'09)",
  year = 2009,
  month = jun,
  location = Dublin,
}

@Proceedings{pldi11,
  booktitle = PROC # PLDI # " (PLDI'11)",
  year = 2011,
  month = jun,
  location = SanJose,
}

@Proceedings{pldi12,
  booktitle = PROC # PLDI # " (PLDI'12)",
  year = 2012,
  month = jun,
  location = Beijing,
}

@Proceedings{pldi14,
  booktitle = PROC # PLDI # " (PLDI'14)",
  year = 2014,
  month = jun,
  location = Edinburgh,
}

%%% POPL %%%
@Proceedings{popl73,
  booktitle = PROC #  "1st " # POPL # " (POPL'73)",
  year = 1973,
  month = oct,
  location = Boston,
}

@Proceedings{popl77,
  booktitle = PROC #  "4th " # POPL # " (POPL'77)",
  year = 1977,
  month = jan,
  location = LosAngeles,
}

@Proceedings{popl91,
  booktitle = PROC #  "18th " # POPL # " (POPL'91)",
  year = 1991,
  month = jan,
  location = Orlando,
}

@Proceedings{popl93,
  booktitle = PROC #  "20th " # POPL # " (POPL'93)",
  year = 1993,
  month = jan,
  location = Charleston,
}

@Proceedings{popl96,
  booktitle = PROC #  "23rd " # POPL # " (POPL'96)",
  year = 1996,
  month = jan,
  location = StPetersburgBeach,
}

@Proceedings{popl97,
  booktitle = PROC #  "24th " # POPL # " (POPL'97)",
  year = 1997,
  month = jan,
  location = Paris,
}

@Proceedings{popl98,
  booktitle = PROC #  "25th " # POPL # " (POPL'98)",
  year = 1998,
  month = jan,
  location = SanDiego,
}

@Proceedings{popl99,
  booktitle = PROC #  "26th " # POPL # " (POPL'99)",
  year = 1999,
  month = jan,
  location = SanAntonio,
}

@Proceedings{popl00,
  booktitle = PROC #  "27th " # POPL # " (POPL'00)",
  year = 2000,
  month = jan,
  location = Boston,
}

@Proceedings{popl02,
  booktitle = PROC # "29th " # POPL # " (POPL'02)",
  year = 2002,
  month = jan,
  location = Portland,
}

@Proceedings{popl03,
  booktitle = PROC # "30th " # POPL # " (POPL'03)",
  year = 2003,
  month = jan,
  location = NewOrleans,
}

@Proceedings{popl04,
  booktitle = PROC # "31st " # POPL # " (POPL'04)",
  year = 2004,
  month = jan,
  location = Venice,
}

@Proceedings{popl05,
  booktitle = PROC # "32nd " # POPL # " (POPL'05)",
  year = 2005,
  month = jan,
  location = LongBeach,
}

@Proceedings{popl06,
  booktitle = PROC # "33rd " # POPL # " (POPL'06)",
  year = 2006,
  month = jan,
  location = Charleston,
}

@Proceedings{popl07,
  booktitle = PROC # "34th " # POPL # " (POPL'07)",
  year = 2007,
  month = jan,
  location = Nice,
}


%%% ASPLOS %%%
@Proceedings{asplos00,
  booktitle = PROC # "9th " # ASPLOS # " (ASPLOS'00)",
  year = 2000,
  month = nov,
  location = Cambridge,
}

@Proceedings{asplos09,
  booktitle = PROC # "14th " # ASPLOS # " (ASPLOS'09)",
  year = 2009,
  month = mar,
  location = WashingtonDC,
}

@Proceedings{asplos10,
  booktitle = PROC # "15th " # ASPLOS # " (ASPLOS'10)",
  year = 2010,
  month = mar,
  location = Pittsburgh,
}

@Proceedings{asplos11,
  booktitle = PROC # "16th " # ASPLOS # " (ASPLOS'11)",
  year = 2011,
  month = mar,
  location = NewportBeach,
}

@Proceedings{asplos13,
  booktitle = PROC # "18th " # ASPLOS # " (ASPLOS'13)",
  year = 2013,
  month = mar,
  location = Houston,
}

@Proceedings{asplos15,
  booktitle = PROC # "20th " # ASPLOS # " (ASPLOS'15)",
  year = 2015,
  month = mar,
  location = Istanbul,
}

%%% CC %%%
@Proceedings{cc02,
  booktitle = PROC # "11th " # CC # " (CC'02)",
  year = 2002,
  month = mar,
  location = Grenoble,
}

@Proceedings{cc11,
  booktitle = PROC # "20th " # CC # " (CC'11)",
  year = 2011,
  month = mar # "-" # apr,
  location = Saarbrucken,
}


%%% OOPSLA %%%
@Proceedings{oopsla03,
  booktitle = PROC # "18th " # OOPSLA # " (OOPSLA'03)",
  year = 2003,
  month = oct,
  location = Anaheim,
}

@Proceedings{oopsla-companion05,
  booktitle = "Companion to the " # "20th " # OOPSLA # " (OOPSLA'05 Companion)",
  year = 2005,
  month = oct,
  location = SanDiego,
}

@Proceedings{oopsla07,
  booktitle = PROC # "22nd " # OOPSLA # " (OOPSLA'07)",
  year = 2007,
  month = oct,
  location = Montreal,
}

@Proceedings{oopsla09,
  booktitle = PROC # "24th " # OOPSLA # " (OOPSLA'09)",
  year = 2009,
  month = oct,
  location = Orlando,
}

@Proceedings{oopsla12,
  booktitle = PROC # "27th " # OOPSLA # " (OOPSLA'12)",
  year = 2012,
  month = oct,
  location = Tucson,
}

%%% SAS %%%
@Proceedings{sas11,
  booktitle = PROC # "18th " # SAS # " (SAS'11)",
  year = 2011,
  month = sep,
  location = Venice,
}

@Proceedings{sas99,
  booktitle = PROC # "6th " # SAS # " (SAS'99)",
  year = 1999,
  month = sep,
  location = Venice,
}


%%% NSDI %%%
@Proceedings{nsdi04,
  booktitle = PROC # "1st " # NSDI # " (NSDI'04)",
  year = 2004,
  month = mar,
  location = SanFrancisco,
}

@Proceedings{nsdi07,
  booktitle = PROC # "4th " # NSDI # " (NSDI'07)",
  year = 2007,
  month = apr,
  location = Cambridge,
}


%%% NDSS %%%
@Proceedings{ndss99,
  booktitle = PROC # "6th " # NDSS # " (NDSS'99)",
  year = 1999,
  month = feb,
  location = SanDiego,
}

@Proceedings{ndss00,
  booktitle = PROC # "7th " # NDSS # " (NDSS'00)",
  year = 2000,
  month = feb,
  location = SanDiego,
}

@Proceedings{ndss02,
  booktitle = PROC # "9th " # NDSS # " (NDSS'02)",
  year = 2002,
  month = feb,
  location = SanDiego,
}

@Proceedings{ndss03,
  booktitle = PROC # "10th " # NDSS # " (NDSS'03)",
  year = 2003,
  month = feb,
  location = SanDiego,
}

@Proceedings{ndss04,
  booktitle = PROC # "11th " # NDSS # " (NDSS'04)",
  year = 2004,
  month = feb,
  location = SanDiego,
}

@Proceedings{ndss05,
  booktitle = PROC # "12th " # NDSS # " (NDSS'05)",
  year = 2005,
  month = feb,
  location = SanDiego,
}

@Proceedings{ndss06,
  booktitle = PROC # "13th " # NDSS # " (NDSS'06)",
  year = 2006,
  month = feb,
  location = SanDiego,
}

@Proceedings{ndss08,
  booktitle = PROC # "15th " # NDSS # " (NDSS'08)",
  year = 2008,
  month = feb,
  location = SanDiego,
}

@Proceedings{ndss10,
  booktitle = PROC # "17th " # NDSS # " (NDSS'10)",
  year = 2010,
  month = feb # "-" # mar,
  location = SanDiego,
}

@Proceedings{ndss11,
  booktitle = PROC # "18th " # NDSS # " (NDSS'11)",
  year = 2011,
  month = feb,
  location = SanDiego,
}

@Proceedings{ndss12,
  booktitle = PROC # "19th " # NDSS # " (NDSS'12)",
  year = 2012,
  month = feb,
  location = SanDiego,
}

%%% DAC %%%
@Proceedings{dac98,
  booktitle = PROC #  "35th " # DAC # " (DAC'98)",
  year = 1998,
  month = jun,
  location = SanFrancisco,
}

@Proceedings{dac03,
  booktitle = PROC #  "40th " # DAC # " (DAC'03)",
  year = 2003,
  month = jun,
  location = Anaheim,
}

@Proceedings{dac09,
  booktitle = PROC #  "46th " # DAC # " (DAC'09)",
  year = 2009,
  month = jul,
  location = SanFrancisco,
}


%%% CAV %%%
@Proceedings{cav94,
  booktitle = PROC #   "6th " # CAV # " (CAV'94)",
  year = 1994,
  month = jun,
  location = Stanford,
}

@Proceedings{cav97,
  booktitle = PROC #   "9th " # CAV # " (CAV'97)",
  year = 1997,
  month = jun,
  location = Haifa,
}

@Proceedings{cav99,
  booktitle = PROC #  "11th " # CAV # " (CAV'99)",
  year = 1999,
  month = jul,
  location = Trento,
}

@Proceedings{cav00,
  booktitle = PROC #  "12th " # CAV # " (CAV'00)",
  year = 2000,
  month = jul,
  location = Chicago,
}

@Proceedings{cav01,
  booktitle = PROC #  "13th " # CAV # " (CAV'01)",
  year = 2001,
  month = jul,
  location = Paris,
}

@Proceedings{cav02,
  booktitle = PROC #  "14th " # CAV # " (CAV'02)",
  year = 2002,
  month = jul,
  location = Copenhagen,
}

@Proceedings{cav03,
  booktitle = PROC #  "15th " # CAV # " (CAV'03)",
  year = 2003,
  month = jul,
  location = Boulder,
}

@Proceedings{cav04,
  booktitle = PROC #  "16th " # CAV # " (CAV'04)",
  year = 2004,
  month = jul,
  location = Boston,
}

@Proceedings{cav05,
  booktitle = PROC #  "17th " # CAV # " (CAV'05)",
  year = 2005,
  month = jul,
  location = Edinburgh,
}

@Proceedings{cav06,
  booktitle = PROC #  "18th " # CAV # " (CAV'06)",
  year = 2006,
  month = aug,
  location = Seattle,
}

@Proceedings{cav07,
  booktitle = PROC #  "19th " # CAV # " (CAV'07)",
  year = 2007,
  month = jul,
  location = Berlin,
}

@Proceedings{cav08,
  booktitle = PROC #  "20th " # CAV # " (CAV'08)",
  year = 2008,
  month = jul,
  location = Princeton,
}

@Proceedings{cav09,
  booktitle = PROC #  "21st " # CAV # " (CAV'09)",
  year = 2009,
  month = jul,
  location = Grenoble,
}

@Proceedings{cav10,
  booktitle = PROC #  "22st " # CAV # " (CAV'10)",
  year = 2010,
  month = jul,
  location = Edinburgh,
}

@Proceedings{cav11,
  booktitle = PROC #  "23rd " # CAV # " (CAV'11)",
  year = 2011,
  month = jul,
  location = CliffLodge,
}

@Proceedings{cav12,
  booktitle = PROC #  "24th " # CAV # " (CAV'12)",
  year = 2012,
  month = jul,
  location = Berkeley,
}

@Proceedings{cav13,
  booktitle = PROC #  "25th " # CAV # " (CAV'13)",
  year = 2013,
  month = jul,
  location = SaintPetersburg,
}


%% PPoPP 

@Proceedings{ppopp03,
  booktitle = PROC # "9th " # PPoPP # " (PPoPP'03)",
  year = 2003,
  month = jun,
  location = SanDiego,
}

@Proceedings{ppopp08,
  booktitle = PROC # "13th " # PPoPP # " (PPoPP'08)",
  year = 2008,
  month = feb,
  location = SaltLakeCity,
}

@Proceedings{ppopp11,
  booktitle = PROC # "16th " # PPoPP # " (PPoPP'11)",
  year = 2011,
  month = feb,
  location = SanAntonio,
}

@Proceedings{ppopp12,
  booktitle = PROC # "17th " # PPoPP # " (PPoPP'12)",
  year = 2012,
  month = feb,
  location = NewOrleans,
}

@Proceedings{ppopp13,
  booktitle = PROC # "18th " # PPoPP # " (PPoPP'13)",
  year = 2013,
  month = feb,
  location = Shenzhen,
}

%%% FMCAD %%%

@Proceedings{fmcad98,
  booktitle = PROC # "2nd " # FMCAD # " (FMCAD'08)",
  month = nov,
  year = 2008,
  location = PaloAlto,
}

@Proceedings{fmcad12,
  booktitle = PROC # "12th " # FMCAD # " (FMCAD'12)",
  month = oct,
  year = 2012,
  location = CambridgeUK,
}



%%% IJCAI

@Proceedings{ijcai99,
  booktitle = PROC # "16th " # IJCAI # " (IJCAI'99)",
  year = 1999,
  month = jul # "-" # aug,
  location = Stockholm,
}

@Proceedings{ijcai07,
  booktitle = PROC # "20th " # IJCAI # " (IJCAI'07)",
  year = 2007,
  month = jan,
  location = Hyderabad,
}

@Proceedings{ijcai09,
  booktitle = PROC # "21st " # IJCAI # " (IJCAI'09)",
  year = 2009,
  month = jul,
  location = Pasadena,
} 

%%% ISSRE

@Proceedings{issre96,
  booktitle = PROC # "7th " # ISSRE # " (ISSRE'96)",
  year = 1996,
  month = oct,
  location = WhitePlains,
}

@Proceedings{issre98,
  booktitle = PROC # "9th " # ISSRE # " (ISSRE'98)",
  year = 1998,
  month = nov,
  location = Paderborn,
}

@Proceedings{issre03,
  booktitle = PROC # "14th " # ISSRE # " (ISSRE'03)",
  year = 2003,
  month = nov,
  location = Denver,
}

@Proceedings{issre05,
  booktitle = PROC # "16th " # ISSRE # " (ISSRE'05)",
  year = 2005,
  month = nov,
  location = Chicago,
}

@Proceedings{issre10,
  booktitle = PROC # "21st " # ISSRE # " (ISSRE'10)",
  year = 2010,
  month = nov,
  location = SanJose,
}

@Proceedings{issre11,
  booktitle = PROC # "22nd " # ISSRE # " (ISSRE'11)",
  year = 2011,
  month = nov # "-" # dec,
  location = Hiroshima,
}

@Proceedings{issre12,
  booktitle = PROC # "23rd " # ISSRE # " (ISSRE'12)",
  year = 2012,
  month = nov,
  location = Dallas,
}

@Proceedings{issre13,
  booktitle = PROC # "24th " # ISSRE # " (ISSRE'13)",
  year = 2013,
  month = nov,
  location = Pasadena,
}

%%% Other 

@Proceedings{ipdps94,
  booktitle = PROC # "6th " # IPDPS # " (IPDPS'94)",
  year = 1994,
  month = oct,
  location = Dallas,
}

@Proceedings{ipdps10,
  booktitle = PROC # "24th " # IPDPS # " (IPDPS'10)",
  year = 2010,
  month = apr,
  location = Atlanta,
}

@Proceedings{sigmetrics10,
  booktitle = PROC # SIGMETRICS # " 2010 (SIGMETRICS'10)",
  year = 2010,
  month = jun,
  location = NewYork,
}

@Proceedings{gpce06,
  booktitle = PROC # "5th " # GPCE # " (GPCE'06)",
  year = 2006,
  month = oct,
  location = Portland,
}

@Proceedings{sensys08,
  booktitle = PROC # "6th " # SenSys # " (SenSys'08)",
  month = nov,
  year = 2008,
  location = Raleigh,
}

@Proceedings{ipsn10,
  booktitle = PROC # "9th " # IPSN # " (IPSN'10)",
  month = apr,
  year = 2010,
  location = Stockholm,
}

@Proceedings{asp-dac03,
  booktitle = PROC #  "8th " # ASP-DAC # " (ASP-DAC'03)",
  year = 2003,
  month = jan,
  location = Kitakyushu,
}

@Proceedings{lics01,
  booktitle = PROC # "16th " # LICS # " (LICS'01)",
  year = 2001,
  month = jun,
  location = Boston,
}

@Proceedings{wcci08,
  booktitle = PROC # WCCI # " (WCCI'08)",
  year = 2008,
  month = jun,
  location = HongKong,
}

@Proceedings{csf07,
  booktitle = PROC # "20th " # CSF # " (CSF'07)",
  year = 2007,
  month = jul,
  location = Venice,
}

@Proceedings{ias07,
  booktitle = PROC # "3rd " # IAS # " (IAS'07)",
  year = 2007,
  month = aug,
  location = Manchester,
}

@Proceedings{dcia98,
  booktitle = PROC # DCIA # " (DCIA'98)",
  year = 1998,
  month = jan,
  location = Johannesburg,
}

@Proceedings{paste02,
  booktitle = PROC # "3rd " # PASTE # " (PASTE'02)",
  year = 2002,
  month = nov,
  location = Charleston,
}

@Proceedings{paste04,
  booktitle = PROC # "5th " # PASTE # " (PASTE'04)",
  year = 2004,
  month = jun,
  location = WashingtonDC,
}

@Proceedings{paste05,
  booktitle = PROC # "6th " # PASTE # " (PASTE'05)",
  year = 2005,
  month = sep,
  location = Lisbon,
}

@Proceedings{woda03,
  booktitle = PROC # WODA # " (WODA'03)",
  year = 2003,
  month = may,
  location = Portland,
}

@Proceedings{woda04,
  booktitle = PROC # WODA # " (WODA'04)",
  year = 2004,
  month = may,
  location = Edinburgh,
}

@Proceedings{iciss08,
  booktitle =  PROC # "4th " # ICISS # " (ICISS'08)",
  year = 2008,
  month = dec,
  location = Hyderabad,
}

@Proceedings{tap08,
  booktitle =  PROC # "2nd " # TAP # " (TAP'08)",
  year = 2008,
  month = apr,
  location = Prato,
}

@Proceedings{hotdep07,
  booktitle =  PROC # "3rd " # HOTDEP # " (HotDep'07)",
  year = 2007,
  month = jun,
  location = Edinburgh,
}

@Proceedings{hotdep09,
  booktitle =  PROC # "5th " # HOTDEP # " (HotDep'09)",
  year = 2009,
  month = jun,
  location = Lisbon,
}

@Proceedings{icrs75,
  booktitle = PROC # ICRS # " (ICRS'75)",
  year = 1975,
  month = apr,
  location = LosAngeles,
}

@Proceedings{cgo04,
  booktitle = PROC # "2nd " # CGO # " (CGO'04)",
  year = 2004,
  month = mar,
  location = PaloAlto,
}

@Proceedings{cgo06,
  booktitle = PROC # "4th " # CGO # " (CGO'06)",
  year = 2006,
  month = mar,
  location = NewYork,
}

@Proceedings{stmcs08,
  booktitle = PROC # "3rd " # STMCS # " (STMCS'08)",
  year = 2008,
  month = apr,
  location = Boston,
}

@Proceedings{hotpar09,
  booktitle = PROC # "1st " # HotPar # " (HotPar'09)",
  month = mar,
  year = {2009},
  location = Berkeley
}

@Proceedings{hotpar10,
  booktitle = PROC # "2nd " # HotPar # " (HotPar'10)",
  year = 2010,
  month = jun,
  location = Berkeley,
}

@Proceedings{pespma10,
  booktitle = PROC # "Workshop on Parallel Execution of Sequential Programs on Multi-core Architectures" # " (PESPMA'10)",
  year = {2010},
  month = jun,
  location = SaintMalo,
}

@Proceedings{pdpar03,
  booktitle = PROC # "Workshop on Pragmatics of Decision Procedures in Automated Reasoning" # " (PDPAR'03)",
  year = {2003},
  month = jul,
  location = Miami,
}

@Proceedings{hotswup11,
  booktitle = PROC # "3rd " # HotSWUp # " (HotSWUp'11)",
  year = 2011,
  month = apr,
  location = Hannover,
}

@Proceedings{hotswup12,
  booktitle = PROC # "4th " # HotSWUp # " (HotSWUp'12)",
  year = 2012,
  month = jun,
  location = Zurich,
}

@proceedings{hotswup13,
  booktitle = PROC # "5th " # HotSWUp # " (HotSWUp'13)",
  year = 2013,
  month = jun,
  location = SanJose,
}

@Proceedings{edcc06,
  booktitle = PROC # "6th " # EDCC # " (EDCC'06)",
  year = 2006,
  month = oct,
  location = Coimbra,
}

@Proceedings{icccn11,
  booktitle = PROC # "20th " # ICCCN # " (ICCCN'11)",
  year = 2011,
  month = may,
  location = Maui,
}

@Proceedings{ftcs78,
  booktitle = PROC # "8th " # FTCS # " (FTCS'78)",
  year = 1978,
  month = jun,
  location = Toulouse,
}

@Proceedings{ftcs98,
  booktitle = PROC # "28th " # FTCS # " (FTCS'98)",
  year = 1998,
  month = jun,
  location = Munich,
}

@Proceedings{cf10,
  booktitle = PROC # "7th " # CF # " (CF'10)",
  year = 2010,
  month = may,
  location = Bertinoro,
}

@Proceedings{cf11,
  booktitle = PROC # "8th " # CF # " (CF'11)",
  year = 2011,
  month = may,
  location = Ischia,
}

@Proceedings{lisa99,
  booktitle = PROC # "13th " # LISA # " (LISA'99)",
  year = 1999,
  month = nov,
  location = Seattle,
}

@Proceedings{lisa00,
  booktitle = PROC # "14th " # LISA # " (LISA'00)",
  year = 2000,
  month = dec,
  location = NewOrleans,
}

@Proceedings{lisa02,
  booktitle = PROC # "16th " # LISA # " (LISA'02)",
  year = 2002,
  month = nov,
  location = Philadelphia,
}

@Proceedings{raid00,
  booktitle = PROC # "3th " # RAID # " (RAID'00)",
  year = 2000,
  month = oct,
  location = Toulouse,
}

@Proceedings{raid04,
  booktitle = PROC # "7th " # RAID # " (RAID'04)",
  year = 2004,
  month = sep,
  location = SophiaAntipolis,
}

@Proceedings{sac02,
  booktitle = PROC # "2002 " # SAC # " (SAC'04)",
  year = 2002,
  month = mar,
  location = Madrid,
}

@Proceedings{icst12,
  booktitle = PROC # ICST # " (ICST'12)",
  year = 2012,
  month = apr,
  location = Montreal,
}

@Proceedings{icstw09,
  booktitle = PROC # ICSTW # " (ICSTW'09)",
  year = 2009,
  month = apr,
  location = Denver,
}

@Proceedings{sbst09,
  booktitle = PROC # "2nd " # SBST # " (SBST'09)",
  year = 2009,
  month = apr,
  location = Denver,
}

@Proceedings{foser10,
  booktitle = PROC # FoSER # " (FoSER'10)",
  year = 2010,
  month = nov,
  location = SantaFe,
}

@Proceedings{icpads97,
  booktitle = PROC # "1997 " # ICPADS # " (ICPADS'97)",
  year = 1997,
  month = dec,
  location = Seoul,
}

@Proceedings{icpads11,
  booktitle = PROC # "17th " # ICPADS # " (ICPADS'11)",
  year = 2011,
  month = dec,
  location = Tainan,
}

@Proceedings{esop06,
  booktitle = PROC # "15th " # ESOP # " (ESOP'06)",
  year = 2006,
  month = mar,
  location = Vienna,
}

@Proceedings{gecco10,
  booktitle = PROC # "12th " # GECCO # " (GECCO'10)",
  year = 2010,
  month = jul,
  location = Portland,
}

@Proceedings{sstic05,
  booktitle = PROC # SSTIC # " (SSTIC'05)",
  year = 2005,
  month = jun,
  location = Rennes,
}

@Proceedings{ipccc07,
  booktitle= PROC # IPCCC # " (IPCCC'07)",
  year = 2007,
  month=apr,
  location = NewOrleans,
}

@Proceedings{kr12,
  booktitle = PROC # KR # " (KR'12)",
  year = 2012,
  month = jun,
  location = Rome,
}

@Proceedings{difts11,
  booktitle = PROC # DIFTS # " (DIFTS'12)",
  year = 2011,
  month = nov,
  location = Austin,
}

@Proceedings{vlsi07,
  booktitle = PROC # VLSISOC # " (VLSI'07)",
  year = 2007,
  month = oct,
  location = SantaCruz,
}

@Proceedings{ecoop11,
  booktitle = PROC # "25th " # ECOOP # " (ECOOP'11)",
  year = 2011,
  month = jul,
  location = Lancaster,
}

@Proceedings{ifm05,
  booktitle = PROC # "5th " # IFM # " (IFM'05)",
  year = 2005,
  month = nov,
  location = Eindhoven,
}

@Proceedings{cade13,
  booktitle = PROC # "24th " # CADE # " (CADE'13)",
  month = jun,
  year = 2013,
  location = LakePlacid,
}

@Proceedings{esem10,
  booktitle = PROC # "4th " # ESEM # " (ESEM'10)",
  month = sep,
  year = 2010,
  location = Bolzano,
}

@Proceedings{fcst08,
  booktitle = PROC # "2008 " # FCST # " (FCST'08)",
  month = dec,
  year = 2008,
  location = Nagasaki,
}

@Proceedings{regression13,
  booktitle = PROC # "3rd International Workshop on Regression Testing",
  month = mar,
  year = 2013,
  location = Luxembourg,
}

@Proceedings{dsn09,
  booktitle = PROC # "2009 " # DSN # " (DSN'09)",
  month = jun,
  year = 2009,
  location = Lisbon,
}

@Proceedings{nspw10,
  booktitle = PROC # "2010 " # NSPW # " (NSPW'10)",
  month = sep,
  year = 2010,
  location = Concord,
}

@Proceedings{ols02,
  booktitle = PROC # "2002 " # OLS # " (OLS'02)",
  month = jun,
  year = 2002,
  location = Ottawa,
}

@Proceedings{woot07,
  booktitle = PROC # "1st " # WOOT # " (WOOT'07)",
  month = aug,
  year = 2007,
  location = Boston,
}

@Proceedings{tcon95,
  booktitle = PROC # "1995 " # TCON # " (TCON'95)",
  month = jan,
  year = 1995,
  location = NewOrleans,
}

@Proceedings{jtres00,
  booktitle = PROC # "2000 " # JTRES # " (JTRES'00)",
  month = may,
  year = 2000,
  location = London,
}

@Proceedings{pppj10,
  booktitle = PROC # "8th " # PPPJ # " (PPPJ'10)",
  month = sep,
  year = 2010,
  location = Vienna,
}

@Proceedings{vee06,
  booktitle = PROC # "2006 " # VEE # " (VEE'06)",
  month = mar,
  year = 2006,
  location = Ottawa,
}

@Proceedings{vee08,
  booktitle = PROC # "2008 " # VEE # " (VEE'08)",
  month = mar,
  year = 2008,
  location = Seattle,
}

@Proceedings{vee10,
  booktitle = PROC # "2010 " # VEE # " (VEE'10)",
  month = mar,
  year = 2010,
  location = Pittsburgh,
}

@Proceedings{vee11,
  booktitle = PROC # "2011 " # VEE # " (VEE'11)",
  month = mar,
  year = 2011,
  location = NewportBeach,
}

@Proceedings{isca05,
  booktitle = PROC # "32nd " # ISCA # " (ISCA'05)",
  year = 2005,
  month = jun,
  location = WashingtonDC,
}

@Proceedings{isca13,
  booktitle = PROC # "40th " # ISCA # " (ISCA'13)",
  year = 2013,
  month = jun,
  location = TelAviv,
}

@Proceedings{iccs01,
  booktitle = PROC # "2001 " # ICCS # "--Part II (ICCS'01)",
  year = 2001,
  month = may,
  location = SanFrancisco,
}

@Proceedings{rv01,
  booktitle = PROC # "2001 " # RV # " (RV'01)",
  year = 2001,
  month = jul,
  location = Paris,
}

@Proceedings{csiirw10,
  booktitle = PROC # "6th " # CSIIRW # " (CSIIRW'10)",
  year = 2010,
  month = apr,
  location = OakRidge,
}

@Proceedings{secrypt07,
  booktitle = PROC # "2007 " # SECRYPT # " (SECRYPT'07)",
  year = 2007,
  month = jul,
  location = Barcelona,
}

@Proceedings{als01,
  booktitle = PROC # "5th " # ALS # " (ALS'01)",
  year = 2001,
  month = nov,
  location = Oakland,
}

@Proceedings{expcs07,
  booktitle = PROC # "2007 " # EXPCS # " (ExpCS'07)",
  year = 2007,
  month = jun,
  location = SanDiego,
}

@Proceedings{spdt98,
  booktitle = PROC # "1998 " # SPDT # " (SPDT'98)",
  year = 1998,
  month = aug,
  location = Welches,
}

@Proceedings{icdcs07,
  booktitle = PROC # "27th " # ICDCS # " (ICDCS'07)",
  year = 2007,
  month = jun,
  location = Toronto,
}

@Proceedings{rts00,
  booktitle = PROC # "12th " # RTS # " (EUROMICRO RTS'00)",
  year = 2000,
  month = jun,
  location = Stockholm,
}

@Proceedings{parco99,
  booktitle = PROC # "1999 " # PARCO # " (PARCO'99)",
  year = 1999,
  month = aug,
  location = Delft,
}

% ----------------------- Journals ------------------------------%


@Article{acm-tosem,
  journal = "ACM Transactions on Software Engineering Methodology (TOSEM)"
}

@Article{acm-tissec,
  journal = "{ACM} Transactions on Information and System Security (TISSEC)"
}

@Article{acm-tocs,
  journal = "{ACM} Transactions on Computer Systems (TOCS)"
}

@Article{empsweng,
  journal = "Empirical Software Engineering (EMSE)"
}

@Article{spe,
  journal = "Software: Practice and Experience (SPE)"
}

@Article{cacm,
  journal =  "Communications of the Association for Computing Machinery (CACM)"
}


@Article{acm-toplas,
  journal = "ACM Transactions on Programming Languages and Systems (TOPLAS)"
}

@Article{ieee-tc,
  journal = "IEEE Transactions on Computers (TC)"
}

@Article{ieee-tse,
  journal = "IEEE Transactions on Software Engineering (TSE)"
}

@Article{stvr,
  journal = "Software Testing Verification and Reliability (STVR)"
}

@Article{ieee-tdsc,
  journal = "IEEE Transactions on Dependable and Secure Computing (TDSC)"
}

@Article{ist,
  journal = "Information and Software Technology (IST)"
}

@Article{ijis,
  journal = "Springer International Journal of Information Security (IJIS)"
}

@Article{ijpp,
  journal = "Springer International Journal of Parallel Programming (IJPP)"
}

@Article{jair,
  journal = "Journal of Artificial Intelligence Research (JAIR)"
}

@Article{jsat,
  journal = "Journal on Satisfiability, Boolean Modeling and Computation (JSAT)"
}

@Article{acm-csur,
  journal = "ACM Computing Surveys"
}

@Article{jcs,
  journal = "Journal of Computer Security"
}

@Article{sen,
  journal = "ACM SIGSOFT Software Engineering Notes"
}

@Article{ieee-soft,
  journal = "IEEE Software"
}

@Article{jss,
  journal = "Journal of Systems and Software"
}

@Article{gpem,
  journal = "Genetic Programming and Evolvable Machines"
}
