@IEEEtranBSTCTL{IEEERepeatNames,
  CTLdash_repeated_names = "no",
}


%--------------------------- Publication List -------------------------%

@InProceedings{varan:asplos15,
  crossref = {asplos15},
  author = {Petr Hosek and Cristian Cadar},
  title = {{Varan the Unbelievable}: An efficient {N}-version execution framework},
}

@InProceedings{covrig:issta14,
  crossref = {issta14},
  author = {Paul Dan Marinescu and Petr Hosek and Cristian Cadar},
  title = {Covrig: A Framework for the Analysis of Code, Test, an Coverage Evolution in Real Software},
  OPTpages = {93--104},
}

@InProceedings{klee-multisolver:cav13,
    crossref = {cav13},
    author = {Hristina Palikareva and Cristian Cadar},
    title = {Multi-solver Support in Symbolic Execution},
    OPTpages = {53-68},
    url = {http://srg.doc.ic.ac.uk/files/papers/klee-multisolver-cav-13.pdf}
}

@InProceedings{mx,
   crossref = {icse13}, 
   author = {Petr Hosek and Cristian Cadar},
   title = {Safe Software Updates via Multi-version Execution},
   OPTpages = {612-621}
}

@InProceedings{zesti,
   crossref = {icse12},
   author = {Paul Dan Marinescu and Cristian Cadar},
   title = {make test-zesti: A Symbolic Execution Solution for Improving Regression Testing},
   OPTpages = {716--726}
}

@InProceedings{katch,
   crossref = {esec-fse13}, 
   author = {Paul Dan Marinescu and Cristian Cadar},
   title = {{KATCH}: High-Coverage Testing of Software Patches},
   OPTpages = {}
}

@InProceedings{mvupdates12,
   crossref = {hotswup12},
   author = {Cristian Cadar and Petr Hosek},
   title = {Multi-Version Software Updates},
   OPTpages = {36--40}
}

@InProceedings{patch:spin12,
   crossref={spin12},
   author = {Paul Dan Marinescu and Cristian Cadar},
   title = {High-Coverage Symbolic Patch Testing},
   OPTpages = {7--21}
}

@InProceedings{par-arg,
   crossref = {kr12},
   author = {Matthew Williams and Robert Craven and Francesca Toni and Cristian Cadar and Adrian Hadad},
   title = {Efficient Argumentation for Medical Decision-Making},
}

@InProceedings{klee-fp,
   crossref = {eurosys11},
   author = "Peter Collingbourne and Cristian Cadar and Paul H.J. Kelly",
   title = "Symbolic Crosschecking of Floating-Point and {SIMD} Code",
   OPTpages = {315--328}
}

@InProceedings{klee-cl,
   crossref = {hvc11},
   author = "Peter Collingbourne and Cristian Cadar and Paul H.J. Kelly",
   title = "Symbolic Testing of {OpenCL} Code",
   OPTpages = {203--218}
}

@InProceedings{symex-impact-11,
   crossref = {icse-impact11},
   author = {Cristian Cadar and Patrice Godefroid and Sarfraz Khurshid and Corina Pasareanu and Koushik Sen and Nikolai Tillmann and Willem Visser},
   title = {Symbolic Execution for Software Testing in Practice---Preliminary Assessment},
   OPTpages = {1066--1071}
}

@InProceedings{symnv,
   crossref = {icccn11},
   author = {JaeSeung Song and Tiejun Ma and Cristian Cadar and Peter Pietzuch}
,
   title = {Rule-based Verification of Network Protocol Implementations using Symbolic Execution},
   OPTpages = {1--8}
}

@InProceedings{highcov-haskell,
   crossref = {issta11},
   author = {Tristan Allwood and Cristian Cadar and Susan Eisenbach},
   title = {High Coverage Testing of Haskell Programs},
   OPTpages = {375--385}
}

@InProceedings{multiplicity,
    crossref = {foser10},
    author = {Cadar, Cristian and Pietzuch, Peter and Wolf, Alexander L.},
    title = {Multiplicity Computing:  A Vision of Software Engineering for Next-Generation Computing Platform Applications},
    OPTpages = {81--86}
}

@InProceedings{klee,
   crossref = {osdi08},
   author = "Cristian Cadar and Daniel Dunbar and Dawson Engler",
   title = "{KLEE}: Unassisted and Automatic Generation of High-Coverage Tests for Complex Systems Programs",
   OPTpages = {209--224}
}

@Article{exe:tissec,
   crossref = {acm-tissec},
   author = "Cristian Cadar and Vijay Ganesh and Peter Pawlowski and
David Dill and Dawson Engler",
   title = "{EXE}: Automatically Generating Inputs of Death",
   volume = {12},
   number = {2},
   year = {2008},
   issn = {1094-9224},
   pages = {1--38},
   doi = {http://doi.acm.org/10.1145/1455518.1455522},
   publisher = {ACM},
   address = {New York, NY, USA},
   note = {A shorter version of this article appeared in CCS'06.}
}

@InProceedings{wit,
   crossref  = {ieee-sp08},
   author    = {Periklis Akritidis and Cristian Cadar and Costin Raiciu and
               Manuel Costa and Miguel Castro},
   title     = {Preventing Memory Error Exploits with {WIT}},
   OPTpages = {263--277}
}

@InProceedings{exe:tacas,
   crossref = {tacas08},
   author = {Peter Boonstoppel and Cristian Cadar and Dawson Engler},
   title = {{RWset}: Attacking Path Explosion in Constraint-Based Test Generation},
   OPTpages = {351--366}
}

@InProceedings{exe:disks,
   crossref = {ieee-sp06},
   author = {Junfeng Yang and Can Sar and Paul Twohey and Cristian Cadar and Dawson Engler},
   title = {Automatically generating malicious disks using symbolic execution},
   OPTpages = {243--257}
}

@InProceedings{exe,
   crossref = {ccs06},
   author = "Cristian Cadar and Vijay Ganesh and Peter Pawlowski and
David Dill and Dawson Engler",
   title = "{EXE}: Automatically Generating Inputs of Death",
   OPTnote = "An extended version appeared as in ACM TISSEC 12(2):1-38, 2008.",
   OPTpages = {322--335}
}

@InProceedings{egt,
   crossref = {spin05},
   author =   {Cristian Cadar and Dawson Engler},
   title =    {Execution Generated Test Cases: How to Make Systems Code Crash Itself (invited paper)},
   OPTpages = {2-23},
}

@InProceedings{acceptability05,
   crossref = {oopsla-companion05},
   author = {Rinard, Martin and Cadar, Cristian and Nguyen, Huu Hai},
   title = {Exploring the acceptability envelope},
   OPTpages = {21--30}
} 

@InProceedings{bmb,
   crossref = {acsac04},
   author = {Martin Rinard and Cristian Cadar and Daniel Dumitran and Daniel M. Roy and Tudor Leu},
   title = {A dynamic technique for eliminating buffer overflow vulnerabilities (and other memory errors)},
   OPTpages = {82--90}
}

@InProceedings{fo,
   crossref = {osdi04},
   author = {Martin Rinard and Cristian Cadar and Daniel Dumitran and Daniel M. Roy and Tudor Leu and William S. Beebee, Jr.},
   title = {Enhancing Server Availability and Security Through Failure-Oblivious Computing},
   OPTpages = {303--316}
}

@InProceedings{debug:woda04,
   crossref = {woda04},
   title = {Efficient specification-assisted error localization},
   author = {Brian Demsky and Cristian Cadar and Dan Roy and Martin Rinard},
   OPTpages = {60--67},
}


%--------------------------- Conference Papers -------------------------%

@InProceedings{fisc,
   crossref = {osdi04},
   author = {Junfeng Yang and Paul Twohey and Dawson Engler and Madanlal Musuvathi},
   title = {Using Model Checking to Find Serious File System Errors},
}

@InProceedings{demsky:repair,
   crossref = {oopsla03},
   author   = {Brian Demsky and Martin C. Rinard},
   title    = {Automatic Detection and Repair of Errors in Data Structures},
}

@InProceedings{eraser,
   crossref = {sosp97},
   author = {Stefan Savage and Michael Burrows and Greg Nelson and Patrick Sobalvarro and Thomas E. Anderson},
   title = {Eraser: A Dynamic Data Race Detector for Multithreaded Programs},
}

@InProceedings{fasttrack,
   crossref = {pldi09},
   author = {Cormac Flanagan and Stephen N. Freund},
   title = {FastTrack: Efficient and Precise Dynamic Race Detection},
}

@InProceedings{pin05,
   crossref = {pldi05},
   title={Pin: building customized program analysis tools with dynamic instrumentation},
   author={Luk, Chi-Keung and Cohn, Robert and Muth, Robert and Patil, Harish and Klauser, Artur and Lowney, Geoff and Wallace, Steven and Reddi, Vijay Janapa and Hazelwood, Kim},
   OPTpages = {190--200},
}

@InProceedings{dynamorio02,
   crossref = {usenix-sec02},
   title={Secure Execution via Program Shepherding.},
   author={Kiriansky, Vladimir and Bruening, Derek and Amarasinghe, Saman P},
}

@InProceedings{hybrid-dyn-race,
   crossref = {ppopp03},
   author = {Robert O'Callahan and Jong-Deok Choi},
   title = {Hybrid dynamic data race detection},
}

@InProceedings{candea:dimmunix,
  crossref  = {osdi08},
  author    = {Horatiu Jula and
               Daniel M. Tralamazza and
               Cristian Zamfir and
               George Candea},
  title     = {Deadlock Immunity: Enabling Systems to Defend Against Deadlocks}
}

@InProceedings{clearview,
   crossref = {sosp09},
   author = {Perkins, Jeff H. and Kim, Sunghun and Larsen, Sam and Amarasinghe, Saman and Bachrach, Jonathan and Carbin, Michael and Pacheco, Carlos and Sherwood, Frank and Sidiroglou, Stelios and Sullivan, Greg and Wong, Weng F. and Zibin, Yoav and Ernst, Michael D. and Rinard, Martin},
   title = {Automatically patching errors in deployed software}
}

@InProceedings{genetic-patches,
   crossref = {icse09},
   author = {Weimer, Westley and Nguyen, ThanhVu and Le Goues, Claire and Forrest, Stephanie},
   title = {Automatically finding patches using genetic programming},
}


@InProceedings{patches-as-reports,
   crossref = {gpce06},
   author = {Weimer, Westley},
   title = {Patches as better bug reports},
}

@InProceedings{arcuri:genetic,
   crossref = {wcci08},
   author =   "Andrea Arcuri and Xin Yao",
   title =   "A Novel Co-Evolutionary Approach to Automatic Software
               Bug Fixing",
}

@InProceedings{autopag,
   crossref = {asiaccs07},
   author = {Lin, Zhiqiang and Jiang, Xuxian and Xu, Dongyan and Mao, Bing and Xie, Li},
   title = {AutoPaG: towards automated software patch generation with source code root cause identification and repair},
}

@InProceedings{instr-set-rand03,
   crossref = {ccs03},
   author = {Kc, Gaurav S. and Keromytis, Angelos D. and Prevelakis, Vassilis},
   title = {Countering Code-injection Attacks with Instruction-set Randomization},
}

@InProceedings{holzmann:spin99,
   crossref = {spin99},
   author = "Gerard J. Holzmann",
   title = "The engineering of a model checker: the {GNU} i-protocol case study revisited",
   url = "citeseer.ist.psu.edu/holzmann99engineering.html",
}

@InProceedings{hoffmann:sets,
   crossref = {ijcai99},
   author = {J\"{o}rg Hoffmann and Jana Koehler},
   title = {A New Method to Index and Query Sets},
}

@InProceedings{bozga:sas99,
   crossref = {sas99},
   author = {M. Bozga and J-C. Fernandez and L. Ghirvu},
   title  = {State Space Reduction Based on Live Variables Analysis},
}

@InProceedings{xmc99,
   author = {Yifei Dong and C. R. Ramakrishnan},
   title = {An Optimizing Compiler for Efficient Model Checking},
   booktitle = {Proceedings of the Joint International Conference on Formal Description Techniques for Distributed Systems and Communication Protocols (FORTE XII) and Protocol Specification, Testing and Verification (PSTV XIX)},
   year = {1999},
   month = oct,
   location = {Beijung, China},
}

@InProceedings{dead-var-06, 
   author = {Micah Lewis and Michael Jones},
   title = {A Dead Variable Analysis for Explicit Model Checking},
   booktitle = {Proceedings of the {ACM SIGPLAN} Workshop on Partial Evaluation and Program Manipulation (PEPM'06)},
   year = {2006},
   month = jan,
   location = Charleston,
}

@InProceedings{lookup-tables,
  crossref={iwmse11},
  author = {Chris Wilcox and Michelle Strout and James Bieman},
  title = {Mesa: Automatic Generation of Lookup Table Optimizations},
}


@InProceedings{beyer-counterex,
   crossref = {icse04},
   author = {Dirk Beyer and Adam J. Chlipala and Thomas A. Henzinger and Ranjit Jhala and Rupak Majumdar},
   title = {Generating Tests from Counterexamples},
}

@InProceedings{larson-austin,
   crossref = {usenix-sec03},
   author = {Eric Larson and Todd Austin},
   title = {High Coverage Detection of Input-Related Security Faults},
}

@InProceedings{saturn-locks,
   crossref = {popl05},
   author = {Yichen Xie and Alexander Aiken},
   title = {Scalable Error Detection using Boolean Satisfiability},
}

@InProceedings{saturn-leaks,
   crossref = {esec-fse05},
   author = {Yichen Xie and Alexander Aiken},
   title = {Context- and Path-sensitive Memory Leak Detection},
}

@InProceedings{TestEra,
   crossref =   {ase01},
   author =     {Darko Marinov and Sarfraz Khurshid},
   title =      {{TestEra}: A Novel Framework for Automated Testing of {Java}
Programs},
}

@InProceedings{korat,
   crossref = {issta02},
   author =   {Chandrasekhar Boyapati and Sarfraz Khurshid and
               Darko Marinov},
   title =     {Korat: Automated Testing Based on {Java} Predicates},
}

@InProceedings{cute,
   crossref = {esec-fse05},
   author =   {Koushik Sen and Darko Marinov and Gul Agha},
   title =    {{CUTE}: A Concolic Unit Testing Engine for {C}},
}

@InProceedings{sen:concolicheuristics,
   crossref = {ase08},
   author =   {Jacob Burnim and Koushik Sen},
   title =    {Heuristics for Scalable Dynamic Test Generation},
}

@InProceedings{JPF04,
   crossref = {issta04},
   author = {Willem Visser and Corina S. Pasareanu and Sarfraz Khurshid},
   title = {Test input generation with {J}ava {P}ath{F}inder},
   doi = {http://doi.acm.org/10.1145/1007512.1007526},
}

@InProceedings{JPF03,
   crossref = {tacas03},
   author = "Sarfraz Khurshid and Corina S. Pasareanu and Willem Visser",
   title = "Generalized symbolic execution for model checking and testing",
}

@InProceedings{JPF-sym-concr,
   crossref = {issta08},
   author = {P\v{a}s\v{a}reanu, Corina S. and Mehlitz, Peter C. and Bushnell, David H. and Gundy-Burlet, Karen and Lowry, Michael and Person, Suzette and Pape, Mark},
   title = {Combining unit-level symbolic execution and system-level concrete execution for testing {NASA} software},
   doi = {http://doi.acm.org/10.1145/1390630.1390635},
}

@InProceedings{dash08,
   crossref = {issta08},
   author = {Nels E. Beckman and Aditya V. Nori and Sriram K. Rajamani and Robert J. Simmons},
   title = {Proofs from tests},   
}

@InProceedings{diff-symex,
   crossref = {fse08},
   author = {Person, Suzette and Dwyer, Matthew B. and Elbaum, Sebastian and P\v{a}s\v{a}reanu, Corina S.},
   title = {Differential symbolic execution},
}

@InProceedings{symdiff12,
   crossref = {cav12},
   author    = {Shuvendu K. Lahiri and Chris Hawblitzel and
               Ming Kawaguchi and Henrique Reb{\^e}lo},
   title     = {{SYMDIFF}: A Language-Agnostic Semantic Diff Tool for Imperative
               Programs},
   xpages     = {712-717},
}

@InProceedings{fse13-compile-diff,
 crossref = {esec-fse13},
 author = {Chris Hawblitzel and Shuvendu K. Lahiri and Kshama Pawar and Hammad Hashmi and Sedar Gokbulut and Lakshan Fernando and Dave Detlefs and Scott Wadsworth},
 title = {Will you still compile me tomorrow? Static cross-version compiler validation},
}

@InProceedings{fse13-diff-assertions,
 crossref = {esec-fse13},
 author = {Shuvendu K. Lahiri and Kenneth L. McMillan and Rahul Sharma and Chris Hawblitzel},
 title = {Differential assertion checking},
}

@InProceedings{cade13-mutual-summaries,
 crossref = {cade13},
 author = {Chris Hawblitzel and Ming Kawaguchi and Shuvendu K. Lahiri and Henrique Reb{\^e}lo},
 title = {Towards Modularly Comparing Programs Using Automated Theorem Provers},
}

@InProceedings{sas11-must-summaries,
 crossref = {sas11},
 author = {Patrice Godefroid and Shuvendu K. Lahiri and Cindy Rubio-Gonz{\'a}lez},
 title = {Statically Validating Must Summaries for Incremental Compositional Dynamic Test Generation},
}

@InProceedings{safari12,
   crossref = {cav12},
   author    = {Francesco Alberti and Roberto Bruttomesso and Silvio Ghilardi and Silvio Ranise and Natasha Sharygina},
   title     = {{SAFARI}: {SMT}-Based Abstraction for Arrays with Interpolants},
}

@InProceedings{interp_testing10,
   crossref = {cav10},
   author    = {Kenneth L. McMillan},
   title     = {Lazy Annotation for Program Testing and Verification},
}

@InProceedings{spacer13,
   crossref = {cav13},
   author    = {Anvesh Komuravelli and Arie Gurfinkel and Sagar Chaki and Edmund M. Clarke},
   title     = {Automatic Abstraction in {SMT}-Based Unbounded Software Model Checking},
}

@InProceedings{loop_underappr13,
   crossref = {cav13},
   author    = {Daniel Kroening and Matt Lewis and Georg Weissenbacher},
   title     = {Under-Approximating Loops in {C} Programs for Fast Counterexample Detection},
}

@InProceedings{ufo12,
   crossref = {tacas12},
   author    = {Aws Albarghouthi and Arie Gurfinkel and Marsha Chechik},
   title     = {From Under-Approximations to Over-Approximations and Back},
}


@InProceedings{DemskyICSE02,
   crossref = {icse02},
   author = "Brian Demsky and Martin Rinard",
   title = "Role-Based Exploration of Object-Oriented Programs",
   url = "citeseer.nj.nec.com/demsky02rolebased.html" ,
}

@InProceedings{Daikon,
   crossref = {icse99},
   author = "Michael D. Ernst and Jake Cockrell and William G. Griswold and David Notkin",
   title = "Dynamically Discovering Likely Program Invariants to Support Program Evolution",
   url = "citeseer.nj.nec.com/ernst00dynamically.html"
}

@InProceedings{ernst:steering,
  crossref  = {issta04},
  author    = {Lee Lin and
               Michael D. Ernst},
  title     = {Improving the adaptability of multi-mode systems via program
               steering}
}

@inproceedings{dotnet-random-test08,
   crossref = {issta08},
   author = {Carlos Pacheco and Shuvendu K. Lahiri and Thomas Ball},
   title = {Finding Errors in {.NET} with Feedback-directed Random Testing},
}

@InProceedings{semantic-fp-testing12, 
   crossref = {icst12},
   author={Dan, H. and Hierons, R.M.}, 
   title={Semantic Mutation Analysis of Floating-Point Comparison}, 
   OPTpages={290-299}, 
}

@InProceedings{BrownGuys,
   crossref = {aadebug03},
   author = 	 "Brock Pytlik and Manos Renieris and Shriram Krishnamurthi
                  and Steven P. Reiss",
   title = 	 "Automated fault localization using potential invariants",
}

@InProceedings{HangalL02,
   crossref = {icse02},
   author =       "Sudheendra Hangal and Monica S. Lam",
   title =        "Tracking down software bugs using automatic anomaly detection",
}

@InProceedings{CIL,
   crossref = {cc02},
   author =   "George C. Necula and Scott McPeak and S.P. Rahul and Westley Weimer",
   title =    "{CIL}: Intermediate Language and Tools for Analysis and Transformation of {C} Programs",
}

@InProceedings{crashncheck,
   crossref = {icse05},
   author = {Christoph Csallner and Yannis Smaragdakis},
   title = {{Check} 'n' {Crash}: Combining static checking and testing},
}

@InProceedings{churndefects05,
   crossref = {icse05},
   author = {Nachiappan Nagappan and Thomas Ball},
   title = {Use of Relative Code Churn Measures to Predict System Defect Density},
}

@InProceedings{Korel-procedures,
   crossref = {issta96},
   author = {Bogdan Korel},
   title = {Automated test data generation for programs with procedures},
   doi = {http://doi.acm.org/10.1145/229000.226319},
}

@InProceedings{JonesKelly,
   crossref = {aadebug97},
   author = {Richard Jones and Paul Kelly},
   title = {Backwards-compatible bounds checking for arrays and pointers in C programs},
}

@InProceedings{CRED,
   crossref = {ndss04},
   author = {Olatunji Ruwase and Monica S. Lam},
   title = {A Practical Dynamic Buffer Overflow Detector},
}

@InProceedings{Purify,
   crossref = {usenix-win92},
   author =      "Reed Hastings and Bob Joyce",
   title =       "Purify: Fast Detection of Memory Leaks and Access Errors",
}

@InProceedings{CBMC1,
   crossref = {asp-dac03},
   author    = { Clarke, Edmund
                and Kroening, Daniel },
   title     = { Hardware Verification using {ANSI-C} Programs as a Reference },
}

@InProceedings{CBMC2,
   crossref = {tacas04},
   author    = { Clarke, Edmund
                 and Kroening, Daniel
                 and Lerda, Flavio },
   title     = { A Tool for Checking {ANSI-C} Programs },
}

@InProceedings{CBMC3,
   crossref = {dac03},
   author    = { Kroening, Daniel
                 and Clarke, Edmund
                 and Yorav, Karen },
   title     = { Behavioral Consistency of {C} and {Verilog} Programs Using Bounded Model Checking },
}

@InProceedings{dill:microprocessor:verif,
   crossref = {cav94},
   author = {Burch, Jerry and Dill, David},
   title = {Automatic verification of pipelined microprocessor control},
}

@InProceedings{necula:compiler:validation,
    crossref = {pldi00},
    author = {Necula, George C.},
    title = {Translation validation for an optimizing compiler},
}

@InProceedings{cousot:abstract,
   crossref = {popl77},
   author =       {Cousot, P. and Cousot, R.},
   title =       "Abstract Interpretation: A Unified Lattice Model for Static Analysis of Programs by Construction or Approximation of Fixpoints",
}

@InProceedings{DD2002,
  author = "Satyaki Das and David L. Dill",
  title = "Counter-Example Based Predicate Discovery in Predicate Abstraction",
  booktitle = "Formal Methods in Computer-Aided Design",
  year = "2002",
  month = nov,
  location = Portland,
}

@InProceedings{DD2001,
   crossref = {lics01},
   author = "Satyaki Das and David L. Dill",
   title = "Successive Approximation of Abstract Transition Relations",
}

@InProceedings{DDP99,
   crossref = {cav99},
   author = "Satyaki Das and David L. Dill and Seungjoon Park",
   title = "Experience with Predicate Abstraction",
}

@InProceedings{dill:block_ciphers,
   crossref = {fmcad98},
   author = {Smith, Eric Whitman and Dill, David L.},
   title = {Automatic formal verification of block cipher implementations},
}

@InProceedings{interpol_summaries12,
   crossref = {fmcad12},
   author = {Ondrej Sery and Grigory Fedyukovich and Natasha Sharygina},
   title = {Incremental upgrade checking by means of interpolation-based function summaries},
}

@InProceedings{ball:drivers,
   crossref = {eurosys06},
   author = "Thomas Ball and Ella Bounimova and Byron Cook and Vladimir Levin and Jakob Lichtenberg and Con McGarvey and Bohus Ondrusek and Sriram K. Rajamani and Abdullah Ustuner",
   title = "Thorough Static Analysis of Device Drivers",
}

@InProceedings{Uclid,
   crossref = {cav02},
   title  =  {Modeling and Verifying Systems using a Logic of Counter Arithmetic with Lambda Expressions and Uninterpreted Functions},
   author =  {Randal E. Bryant and Shuvendu K. Lahiri and Sanjit A. Seshia},
}

@InProceedings{Minisat,
  title  = {An Extensible {SAT}-solver},
  author = {Niklas Een and Niklas Sorensson},
  booktitle = {Proceedings of the 6th International Conference on Theory and Applications of Satisfiability Testing},
  year   = {2003},
  month  = may,
}

@InProceedings{SBDL01,
   crossref = {lics01},
   author = "Aaron Stump and Clark W. Barrett and David L. Dill and Jeremy R. Levitt",
   title  = "A Decision Procedure for an Extensional Theory of Arrays",
}

@InProceedings{BDL98,
   crossref = {dac98},
   author = "Clark W. Barrett and David L. Dill and Jeremy R. Levitt",
   title = "A Decision Procedure for Bit-Vector Arithmetic",
}

@InProceedings{regr_verif09,
   crossref = {dac09},
   author = "Benny Godlin and Ofer Strichman",
   title = "Regression verification",
}

@InProceedings{song:oakland06,
   crossref = {ieee-sp06},
   author = {David Brumley and James Newsome and Dawn Song and Hao Wang
             and Somesh Jha},
   title = {Towards Automatic Generation of Vulnerability-Based Signatures},
}

@InProceedings{song:csf07,
   crossref = {csf07},
   author = {Brumley, David and Wang, Hao and Jha, Somesh and Song, Dawn},
   title = {Creating Vulnerability Signatures Using Weakest Preconditions},
}


@InProceedings{stp,
   crossref = {cav07},
   author = 	 {Vijay Ganesh and David L. Dill},
   title = 	 {A Decision Procedure for Bit-Vectors and Arrays},
}

@InProceedings{z3,
   crossref = {tacas08},
   author = {Leonardo de Moura  and Nikolaj Bj{\o}rner},
   title = {Z3: An Efficient {SMT} Solver},
}

@InProceedings{opensmt,
   crossref = {tacas10},
   author = {Roberto Bruttomesso and Edgar Pek and Natasha Sharygina and Aliaksei Tsitovich},
   title = {The {OpenSMT} Solver},
}

@InProceedings{smtlib,
   crossref = {pdpar03},
   author = {Silvio Ranise and Cesare Tinelli},
   title = {The {SMT-LIB} Format: An Initial Proposal},
}

@InProceedings{cvc3,
   crossref = {cav07},
   author = {Clark Barrett and Cesare Tinelli},
   title = {{CVC3}},
}

@InProceedings{cvc4,
   crossref = {cav11},
   author = {Clark Barrett and Christopher Conway and Morgan Deters and Liana Hadarean and Dejan Jovanovic and Tim King and Andrew Reynolds and Cesare Tinelli},
   title = {{CVC4}},
}

@InProceedings{beaver,     
  author = {Susmit Jha and Rhishikesh Limaye and Sanjit Seshia},
   crossref = {cav09},
  title = {Beaver: Engineering an Efficient SMT Solver for Bit-Vector Arithmetic},     
  year = {2009},
}

@InProceedings{dpll-solver,
   crossref = {cav06},
   title = {{A Fast Linear-Arithmetic Solver for DPLL(T)}},
   author = {Bruno Dutertre and Leonardo de Moura},
}

@InProceedings{cvcl-partial-fn,
   author =       {Clark Barrett and Sergey Berezin and Igor Shikanian and Marsha
 Chechik and Arie Gurfinkel and David L. Dill},
   title =        {A Practical Approach to Partial Functions in {CVC} {L}ite},

   booktitle = {{PDPAR}'04 Workshop},
   year =         {2004},
   month =        jul,
   location = {Cork, Ireland}
}

@InProceedings{par-sat:ijcai09,
   author = {Bordeaux, Lucas and Hamadi, Youssef and Samulowitz, Horst},
   title = {Experiments with massively parallel constraint solving},
   crossref = {ijcai09}
} 

@InProceedings{competitive:cho97,
   crossref = {icpads97},
   author={Sung Hun Cho},
   title={Competitive execution: a method to exploit idle workstations},
}

@InProceedings{bebop,
   crossref = {spin00},
   author = "Thomas Ball and Sriram K. Rajamani",
   title="BEBOP: A Symbolic Model Checker for Boolean Programs",
}

@InProceedings{ESCJava,
  crossref = {pldi02},
  author = "Cormac Flanagan and K. Rustan M. Leino and Mark Lillibridge and Greg Nelson and James B. Saxe and Raymie Stata",
  title = "Extended Static Checking for Java",
}

@InProceedings{houdini,
  author = "Cormac Flanagan and K. Rustan M. Leino",
  title = "Houdini, an Annotation Assistant for {ESC}/{Java}",
  booktitle= "Symposium of Formal Methods Europe",
  year = "2001",
  month = mar,
}

@InProceedings{kildall:dataflow,
   crossref = {popl73},
   author =      "G. A. Kildall",
   title =       "A Unified Approach to Global Program Optimization",
   annotation =  "dataflow analysis defined."
}

@InProceedings{ullman:dataflow,
  author =      "J. D. Ullman",
  title =       "A Survey of Data Flow Analysis Techniques",
  booktitle =   "Second USA-Japan Computer Conference",
  year	=        1975,
  annotation =  "dataflow analysis defined."
}

@InProceedings{engler:metrics,
   crossref = {sosp01},
   author   = {A. Chou and J. Yang and B. Chelf and S. Hallem and D. Engler},
   title    = {An Empirical Study of Operating Systems Errors},
}

@InProceedings{engler:beliefs,
   crossref = {sosp01},
   author   = {Dawson Engler and David {Yu Chen} and Seth Hallem and Andy Chou and Benjamin Chelf},
   title    = {Bugs as Deviant Behavior: A General Approach to Inferring Errors in Systems Code},
}

@InProceedings{foster:type:qualifiers,
   crossref = {pldi99},
   author = {Jeffrey S. Foster and Manuel F\"ahndrich and Alexander Aiken},
   title = "A Theory of Type Qualifiers",  
}

@InProceedings{aiken:cqual,
   crossref = {pldi02},
   author = {Jeffrey S. Foster and Tachio Terauchi and Alexander Aiken},
   title = {Flow-Sensitive Type Qualifiers},
}

@InProceedings{aiken:BANE,
   title="A Toolkit for Constructing Type- and Constraint-Based Program Analyses",
   author={Alexander Aiken and Manuel F\"ahndrich and Jeffrey S. Foster and Zhendong Su},
   booktitle="Second International Workshop on Types in Compilation",
   year="1998",
   location="Kyoto, Japan",
}

@InProceedings{ball:SLAM,
   crossref = {spin01}, 
   title="Automatically Validating Temporal Safety Properties of Interfaces",
   author="Thomas Ball and Sriram K. Rajamani",
}

@InProceedings{henzinger:blast,
   crossref = {popl02},
   title="Lazy Abstraction",
   author="T. A. Henzinger and R. Jhala and R. Majumdar",
}

@InProceedings{graf:Abstraction,
   crossref = {cav97},
   title="Construction of Abstract State Graphs with {PVS}",
   author="S. Graf and H. Saidi",
}

@InProceedings{wagner:format,
   crossref = {usenix-sec01},
   author = "Umesh Shankar and Kunal Talwar and Jeffrey S. Foster and David Wagner",
   title = "Detecting Format String Vulnerabilities with Type Qualifiers",
   url = "citeseer.nj.nec.com/shankar01detecting.html"
}

@InProceedings{archer,
   crossref = {esec-fse03},
   author = "Y. Xie and A. Chou and and D. Engler",
   title = "{ARCHER}: using symbolic, path-sensitive analysis to detect memory access errors",
}

@InProceedings{escjava:pldi02,
   crossref = {pldi02},
   author = {Flanagan, Cormac and Leino, K. Rustan M. and Lillibridge, Mark and Nelson, Greg and Saxe, James B. and Stata, Raymie},
   title = {Extended static checking for {Java}},
   doi = {http://doi.acm.org/10.1145/512529.512558},
}

@InProceedings{godefroid:verisoft, 
   crossref = {popl97},
   author = "Patrice Godefroid",
   title = "{Model Checking for Programming Languages using VeriSoft}",
}

@InProceedings{seth:pldi,
   crossref = {pldi02},
   author = {Seth Hallem and Benjamin Chelf and Yichen Xie and Dawson Engler},
   title = {A System and Language for Building System-Specific, Static Analyses},
}

@InProceedings{dill:verify:protocol:hardware,
   author = {David L. Dill and Andreas J. Drexler and Alan J. Hu and C. Han Yang},
   title = {Protocol Verification as a Hardware Design Aid},
   booktitle = {Proceedings of the IEEE International Conference on Computer Design on VLSI in Computer \& Processors (ICCD'92)},
   year = {1992},
   month = oct,
   location = {Cambridge, MA, USA},
}


@InProceedings{engler:vmcai,
   author = "Dawson Engler and Madanlal Musuvathi",
   title ="Static analysis versus software model checking for bug finding (invited paper)",
   booktitle = "Fifth International Conference on
        Verification, Model Checking, and Abstract Interpretation (VMCAI04)",
   year = {2004},
   month = jan,
}

@InProceedings{madan:tcp,
   crossref = {nsdi04},
   author= "Madanlal Musuvathi and Dawson R. Engler",
   title = {Model Checking Large Network Protocol Implementations},
}

@InProceedings{cvcl,
   crossref = {cav04},
   author =       {Clark Barrett and Sergey Berezin},
   title =        {{CVC} {L}ite: A New Implementation of the Cooperating Validity Checker},
}

@InProceedings{ball:predicate,
   crossref = {pldi01},
   author = {Thomas Ball and Rupak Majumdar and Todd Millstein and Sriram K. Rajamani},
   title = {Automatic predicate abstraction of {C} programs},
   doi = {http://doi.acm.org/10.1145/378795.378846},
}

@InProceedings{gotlieb,
   crossref = {issta98},
   author = {Arnaud Gotlieb and Bernard Botella and Michel Rueher},
   title = {Automatic test data generation using constraint solving techniques},
   doi = {http://doi.acm.org/10.1145/271771.271790},
}

@InProceedings{gupta:relax,
   crossref = {fse98},
   author = {Neelam Gupta and Aditya P. Mathur and Mary Lou Soffa},
   title = {Automated test data generation using an iterative relaxation method},
   doi = {http://doi.acm.org/10.1145/288195.288321},
}

@InProceedings{edvardsson:una,
   crossref = {esec-fse01},
   author = {Jon Edvardsson and Mariam Kamkar},
   title = {Analysis of the constraint solver in {UNA} based test data generation},
   doi = {http://doi.acm.org/10.1145/503209.503242},
}

@InProceedings{cowan:overflow,
  author = "Crispin Cowan and Perry Wagle and Calton Pu",
  title = "Buffer Overflows: Attacks and Defenses for the Vulnerability of the Decade",
  booktitle = "Proceedings of DARPA Information Survivability Conference and Expo",
  year = "1999",
}

@InProceedings{swift:nooks-recovering,
  crossref = {osdi04},
  author   = {Michael M. Swift and
              Muthukaruppan Annamalai and
              Brian N. Bershad and
              Henry M. Levy},
  title     = {Recovering Device Drivers},
  ee        = {http://www.usenix.org/events/osdi04/tech/swift.html},
}

@InProceedings{vncplay,
  author = {Nickolai Zeldovich and Ramesh Chandra},
  title = {Interactive Performance Measurement with VNCPlay},
  booktitle = {USENIX Annual Technical Conference, FREENIX Track},
  year = {2005},
  month = apr,
}

@InProceedings{findbugs,
 author = {David Hovemeyer and William Pugh},
 title = {Finding bugs is easy},
 booktitle = {Companion to the 19th ACM Conference on Object-Oriented Programming Systems, Languages, and Applications (OOPSLA'04)},
 year = {2004},
 isbn = {1-58113-833-4},
 location = {Vancouver, BC, CANADA},
 doi = {http://doi.acm.org/10.1145/1028664.1028717},
}

@InProceedings{vigilante,
   crossref = {sosp05},
   author = {Manuel Costa and Jon Crowcroft and Miguel Castro and Antony Rowstron and Lidong Zhou and Lintao Zhang and Paul Barham},
   title = {Vigilante: end-to-end containment of {I}nternet worms},
} 

@InProceedings{bouncer,
   crossref = {sosp07},
   author = {Costa, Manuel and Castro, Miguel and Zhou, Lidong and Zhang, Lintao and Peinado, Marcus},
   title = {Bouncer: securing software by blocking bad input},
}

@InProceedings{shieldgen,
    crossref = {ieee-sp07},
   author = {Cui, Weidong and Peinado, Marcus and J. Wang, Helen and Locasto, Michael},
   title = {ShieldGen: Automatic Data Patch Generation for Unknown Vulnerabilities with Informed Probing},
}

@InProceedings{cloud9,
   crossref = {eurosys11},
   author = "Stefan Bucur and Vlad Ureche and Cristian Zamfir and George Candea",
   title = "Parallel Symbolic Execution for Automated Real-World Software Testing",
}

@InProceedings{kleenet08,
   crossref = {sensys08},
   author = {Sasnauskas, Raimondas and Link, J\'{o} \'{A}gila Bitsch and Alizai, Muhammad Hamad and Wehrle, Klaus},
   title = {Poster Abstract: KleeNet - Automatic Bug Hunting in Sensor Network Applications},
}

@InProceedings{kleenet10,
   crossref = {ipsn10},
   author = {Sasnauskas, Raimondas and Landsiedel, Olaf and Alizai, Muhammad Hamad and Weise, Carsten and Kowalewski, Stefan and Wehrle, Klaus},
   title = {KleeNet: discovering insidious interaction bugs in wireless sensor networks before deployment},
}

@InProceedings{exec-synthesis,
   crossref = {eurosys10},
   author = {Cristian Zamfir and George Candea},
   title = {Execution Synthesis: A Technique for Automated Software Debugging},
}

@InProceedings{bugredux,
   crossref = {icse12},
   author = {Wei Jin and Alessandro Orso}, 
   title = {BugRedux: Reproducing Field Failures for In-house Debugging},
}

@InProceedings{dart,
   crossref = {pldi05},
   author = "Patrice Godefroid and Nils Klarlund and Koushik Sen",
   title = "{DART}: Directed Automated Random Testing",
}

@InProceedings{abstract-concrete05,
   crossref = {ifm05},
   author = "Patrice Godefroid and Nils Klarlund",
   title = "Software Model Checking: Searching for Computations in the Abstract or the Concrete",
}

@InProceedings{sage,
   crossref = {ndss08},
   author = {Patrice Godefroid and Michael Y. Levin and David A. Molnar},
   title = {Automated Whitebox Fuzz Testing},
}

@InProceedings{sage2,
   author = {Godefroid, Patrice and Levin, Michael Y. and Molnar, David A.},
   title = {Active property checking},
   booktitle = {Proceedings of the 8th ACM International Conference on Embedded Software (EMSOFT'08)},
   year = {2008},
   month = oct,
   location = {Atlanta, GA, USA},
}

@InProceedings{sage-pointers,
   crossref = {issta09},
   author   = {Bassem Elkarablieh and Patrice Godefroid and Michael Y. Levin},
   title    = {Precise Pointer Reasoning for Dynamic Test Generation},
}

@InProceedings{buzzfuzz,
   crossref = {icse09},
   author   = {Vijay Ganesh and Tim Leek and Martin Rinard},
   title    = {Taint-based Directed Whitebox Fuzzing},
}

@InProceedings{taint-analysis,
   crossref = {ndss05},
   author   = {James Newsome and Dawn Song},
   title    = {Dynamic Taint Analysis for Automatic Detection, Analysis, and Signature Generation of Exploits on Commodity Software},
}


@InProceedings{sen:icse,
   crossref = {icse07},
   author   = {Rupak Majumdar and Koushik Sen},
   title    = {Hybrid Concolic Testing},
}

@InProceedings{sen:issta07,
   crossref = {issta07},
   title    = {Dynamic Test Input Generation for Database Applications},
   author   = {Michael Emmi and Rupak Majumdar and Koushik Sen},
}

@InProceedings{godefroid:popl,
   crossref = {popl07},
   author   = {Patrice Godefroid},
   title    = {Compositional Dynamic Test Generation},
}

@InProceedings{godefroid:tacas,
   crossref = {tacas08},
   author = {Saswat Anand and Patrice Godefroid and Nikolaj Tillmann},
   title = {Demand-Driven Compositional Symbolic Execution},
}

@InProceedings{blast:race,
   crossref = {pldi04},
   author = {Thomas A. Henzinger and Ranjit Jhala and Rupak Majumdar},
   title = {Race checking by context inference},
   doi = {http://doi.acm.org/10.1145/996841.996844},
}

@InProceedings{blast:tests-from-counterexamples,
   crossref = {esec-fse99},
   author = {Angelo Gargantini and Constance Heitmeyer},
   title = {Using model checking to generate tests from requirements specifications},
   doi = {http://doi.acm.org/10.1145/318773.318939},
}

@InProceedings{blast:thread-modular-refinement,
   crossref = {cav03},
   author = {Thomas A. Henzinger and Ranjit Jhala and Rupak Majumdar and
             and Shaz Qadeer},
   title = {Thread-modular abstraction refinement},
}

@InProceedings{blast:temporal-safety-proofs,
   crossref = {cav02},
   author = {Thomas A. Henzinger and Ranjit Jhala and Rupak Majumdar and
             George C. Necula and Gregoire Sutre and Westley Weimer},
   title = {Temporal-Safety Proofs for Systems Code},
}

@InProceedings{blast:lazy-abstraction,
   crossref = {popl02},
   author = {Thomas A. Henzinger and Ranjit Jhala and Rupak Majumdar and
             and Gregoire Sutre},
   title = {Lazy Abstraction},
}

@InProceedings{necula:pcc,
   author = {George C. Necula},
   title = {Proof-carrying code (abstract): design, implementation and applications},
   booktitle = {Proceedings of the 2nd ACM International Conference on Principles and Practice of Declarative Programming (PPDP'00)},
   year = {2000},
   month = sep,
   location = {Montreal, Quebec, Canada},
   doi = {http://doi.acm.org/10.1145/351268.351289},
}

@InProceedings{sketching:pldi05,
   crossref = {pldi05},
   author = {Solar-Lezama, Armando and Rabbah, Rodric and Bod\'{\i}k, Rastislav and Ebcio\u{g}lu, Kemal},
   title = {Programming by sketching for bit-streaming programs},

}

@InProceedings{SATURN,
   crossref = {cav05},
   author    = {Yichen Xie and Alexander Aiken},
   title     = {Saturn: A {SAT}-Based Tool for Bug Detection},
}

@InProceedings{cogent,
   crossref = {cav05},
   author    = {Cook, Byron
                and Kroening, Daniel
                and Sharygina, Natasha},
   title     = {Cogent: Accurate theorem proving for program verification},
}

@InProceedings{sandberg:nfs,
 author = "Sandberg and Goldberg and Kleiman and Walsh and Lyon",
 title = "Design and Implementation of the {Sun} Network File System",
 booktitle = "In Proceedings of the Summer 1986 USENIX Technical Conference and Exhibition",
 year = 1985,
}

@InProceedings{stern95improved,
   author = "Ulrich Stern and David L. Dill",
   title = "{I}mproved {P}robabilistic {V}erification by {H}ash {C}ompaction",
   booktitle = "Proceedings of Correct Hardware Design and Verification Methods (CHARME'95)",
   year = "1995",
   month = oct,
   location = {Frankfurt am Main, Germany},
   url = "citeseer.ist.psu.edu/stern95improved.html" 
}

@InProceedings{deline:vault,
   crossref = {pldi01},
   author = {Robert DeLine and Manuel F\"ahndrich},
   title = "Enforcing High-Level Protocols in Low-Level Software",
}

@InProceedings{flanagan00typebased,
   crossref = {pldi00},
   author = "Cormac Flanagan and Stephen N. Freund",
   title = "Type-based race detection for {Java}",
   url = "citeseer.nj.nec.com/flanagan00typebased.html" 
}

@InProceedings{wagner:security,
   crossref = {ndss00},
   author = "David Wagner and Jeffrey S. Foster and Eric A. Brewer and Alexander Aiken",
   title = "A First Step Towards Automated Detection of Buffer Overrun Vulnerabilities",
}

@InProceedings{ball:extract,
   author = "Thomas Ball",
   title = "A Theory of Predicate-Complete Test Coverage and Generation",
   booktitle = "Proceedings of the 3rd International Symposium on Formal Methods for Components and Objects (FMCO'04)",
   month = nov,
   year = "2004",
   location = {Leiden, The Netherlands},
}

@InProceedings{holzmann:pathstar,
  author = "Gerard Holzmann and M. Smith",
  title = "Software Model Checking: Extracting verification models from source code (invited paper)",
  booktitle="Proceedings of PSTV/FORTE'99",
  mon = oct,
  year = 1999,
}

@InProceedings{holzmann:feaver,
   author = "Gerard J. Holzmann",
   title = "From Code to Models",
   booktitle = "Proceedings of the 2nd International Conference on Applications of Concurrency to System Design (ACSD'01)",
   year = "2001",
   month = jun,
   location = "Newcastle upon Tyne",
}

@InProceedings{brat00model,
   crossref = {ase00},
   author = "Guillaume Brat and Klaus Havelund and SeungJoon Park and Willem Visser",
   title = "Model Checking Programs",
}

@InProceedings{bandera,
   crossref = {icse00},
   author="James C. Corbett and Matthew B. Dwyer and John Hatcliff and Shawn Laubach and Corina S. Pasareanu and Robby and Hongjun Zheng",
   title="Bandera: Extracting Finite-state Models from {J}ava Source Code",
}

@InProceedings{das:esp,
   crossref = {pldi02},
   author =   {Manuvir Das and Sorin Lerner and Mark Seigle},
   title =    {Path-Sensitive Program Verification in Polynomial Time},
}

@InProceedings{junfeng:explode,
   crossref = {osdi06},
   author = {Junfeng Yang and Can Sar and Dawson Engler},
   title = {{eXplode}: a lightweight, general system for finding serious storage system errors},
}

@InProceedings{zeldovich:histar,
   crossref = {osdi06},
   author = {Nickolai Zeldovich and Silas Boyd-Wickizer and Eddie Kohler and David Mazi\`{e}res},
   title = {Making information flow explicit in {HiStar}},
}

@InProceedings{smirnov:patches,
   crossref = {ias07},
   author = {Alexey Smirnov and {Tzi-cker} Chiueh},
   title = {Automatic Patch Generation for Buffer Overflow Attacks},
}

@InProceedings{llvm,
   crossref = {cgo04},
   author = {Chris Lattner and Vikram Adve},
   title = {{LLVM}: A Compilation Framework for Lifelong Program Analysis \& Transformation},
}

@InProceedings{bird,
   crossref = {cgo06},
   author = {Susanta Nanda and Wei Li and Lap-Chung Lam and Tzi-cker Chiueh},
   title = {{BIRD}: Binary Interpretation using Runtime Disassembly},
}

@InProceedings{beast,
   crossref = {icpads11},
   author = {Santosh Sonawane and Tzi-cker Chiueh},
   title = {Optimization of an Instrumentation Tool for Stripped {Win32/X86} Binaries},
}

@InProceedings{king75,
   crossref = {icrs75},
   author = {James C. King},
   title = {A New Approach to Program Testing},
}

@InProceedings{notkin:longitudinal,
   crossref = {paste02},
   author = {Notkin, David},
   title = {Longitudinal program analysis},
   doi = {http://doi.acm.org/10.1145/586094.586095},
} 

@InProceedings{differential-analysis,
    crossref = {woda03},
    author = {Joel Winstead and David Evans},
    title = {Towards Differential Program Analysis},
}

@InProceedings{static-dynamic04,
    crossref = {paste04},
    author = {Michael D. Ernst},
    title = {Static and dynamic analysis: synergy and duality},
}

@InProceedings{sim_annealing:1998,
    crossref = {dcia98},
    author = {Nigel Tracey and John Clark and Keith Mander},
    title = {The Way Forward for Unifying Dynamic Test Case
                  Generation: The Optimisation-Based Approach},
}

@InProceedings{bitblaze,
    crossref = {iciss08},
    author = {Dawn Song and David Brumley and Juan Caballero and Ivan Jager and Min Gyung Kang and Zhenkai Liang and James Newsome and Pongsin Poosankam and Prateek Saxena},
    title = {BitBlaze: A new approach to computer security via binary analysis},
}

@InProceedings{pex,
    crossref = {tap08},
    author = {Tillmann, Nikolai and De Halleux, Jonathan},
    title = {Pex: white box test generation for {.NET}},
}

@InProceedings{aeg,
    crossref = {ndss11},
    author = {Thanassis Avgerinos and Sang Kil Cha and Brent Lim Tze Hao and David Brumley},
    title = {{AEG}: Automatic Exploit Generation},
}

@InProceedings{mayhem12,
    crossref = {ieee-sp12},
    author     = {Sang Kil Cha and Thanassis Avgerinos and Alexandre Rebert and David Brumley},
    title      = {Unleashing {Mayhem} on Binary Code},
    OPTpages      = {380-394}
}

@InProceedings{onlinevalidation,
    crossref = {asplos09},
    author = {Joseph Tucek and Weiwei Xiong and Yuanyuan Zhou},
    title = {Efficient Online Validation with Delta Execution},
}

@InProceedings{tachyon12,
    crossref = {usenix-sec12},
    author = {Matthew Maurer and David Brumley},
    title = {{TACHYON}: Tandem Execution for Efficient Live Patch Testing},
}

@InProceedings{bandaid-patch07,
    crossref = {hotdep07},
    author = {Sidiroglou, Stelios and Ioannidis, Sotiris and Keromytis, Angelos D.},
    title = {Band-aid patching},
}

@InProceedings{shared-exec12,
    crossref = {issre12},
    author = {Chang Hwan Peter Kim and Sarfraz Khurshid and Don Batory},
    title = {Shared Execution for Efficiently Testing Product Lines},
}

@InProceedings{undo-operations11,
    crossref = {issre11},
    author = {Shadi Abdul Khalek and Sarfraz Khurshid},
    title = {Efficiently Running Test Suites Using Abstract Undo Operations},
}

@InProceedings{coveragedefects98,
    crossref = {issre98},
    author = {Michael Naixin Li and Yashwant K. Malaiya and Jason Denton},
    title = {Estimating the Number of Defects: A Simple and Intuitive Approach}
}

@InProceedings{delta-exec-oop,
    crossref = {issta07},
    author = {Marcelo d'Amorim and Steven Lauterburg and Darko Marinov},
    title = {Delta execution for efficient state-space exploration of object-oriented programs},
}

@InProceedings{loom,
    crossref = {osdi10},
    author = {Jingyue Wu and Heming Cui and Junfeng Yang},
    title = {Bypassing races in live applications with execution filters},
}

@InProceedings{eqverification,
    crossref = {cav11},
    author = {David A. Ramos and Dawson R. Engler},
    title = {Practical, low-effort equivalence verification of real code},
}

@InProceedings{s2e:hotdep,
    crossref = {hotdep09},
    author = {Vitaly Chipounov and Vlad Georgescu and Cristian Zamfir and George Candea},
    title = {Selective Symbolic Execution},
}

@InProceedings{pretex,
    crossref = {esec-fse07},
    author = {Joshi, Pallavi and Sen, Koushik and Shlimovich, Mark},
    title = {Predictive testing: amplifying the effectiveness of software testing},
}

@InProceedings{directed-test-augmen:09,
    crossref = {aspec09},
    author = {Zhihong Xu and Gregg Rothermel},
    title = {Directed Test Suite Augmentation}
}

@InProceedings{test-augmentation:genetic-vs-concolic,
    crossref = {fse10},
    author = {Xu, Zhihong and Kim, Yunho and Kim, Moonzoo and Rothermel, Gregg and Cohen, Myra B.},
    title = {Directed test suite augmentation: techniques and tradeoffs},
}

@InProceedings{test-suite-augmentation-sentelices,
    crossref = {ase08},
    author = {Santelices, R. and Chittimalli, P. K. and Apiwattanapong, T. and Orso, A. and Harrold, M. J.},
    title = {Test-Suite Augmentation for Evolving Software}
}

@InProceedings{incremental-testing-bates,
    crossref = {popl93},
    author = {Bates, Samuel and Horwitz, Susan},
    title = {Incremental program testing using program dependence graphs},
}

@InProceedings{test-pri,
    crossref = {issta02},
    author = {Srivastava, Amitabh and Thiagarajan, Jay},
    title = {Effectively prioritizing tests in development environment},
}

@InProceedings{express,
    crossref = {issta11},
    author = {Taneja, Kunal and Xie, Tao and Tillmann, Nikolai and de Halleux, Jonathan},
    title = {e{X}press: guided path exploration for efficient regression test generation},
}

@InProceedings{interaction-changes13,
    crossref = {esec-fse13}, 
    author = {B\"{o}hme, Marcel and Oliveira, Bruno C. d. S. and Roychoudhury, Abhik},
    title = {Regression tests to expose change interaction errors},
}

@inproceedings{partition-regression-13,
  crossref = {icse13},
  author    = {Marcel B{\"o}hme and
               Bruno C. d. S. Oliveira and
               Abhik Roychoudhury},
  title     = {Partition-based regression verification},
}

@InProceedings{Valgrind07,
    crossref = {pldi07},
    author = {Nethercote, Nicholas and Seward, Julian},
    title = {Valgrind: a framework for heavyweight dynamic binary instrumentation},
}

@InProceedings{lattner:points-to,
    crossref = {pldi07},
    author = {Chris Lattner and Andrew Lenharth and Vikram Adve},
    title = {Making Context-Sensitive Points-to Analysis with Heap Cloning Practical For The Real World},
}

@InProceedings{sel4-sosp,
    crossref = {sosp09},
    author = {Klein, Gerwin and Elphinstone, Kevin and Heiser, Gernot and Andronick, June and Cock, David and Derrin, Philip and Elkaduwe, Dhammika and Engelhardt, Kai and Kolanski, Rafal and Norrish, Michael and Sewell, Thomas and Tuch, Harvey and Winwood, Simon},
    title = {{seL4}: formal verification of an {OS} kernel},
}

@InProceedings{opencl-partitioning,
    crossref = {cc11},
    author = {Dominik Grewe and Michael F.P. O'Boyle},
    title = {A Static Task Partitioning Approach for Heterogeneous Systems Using {OpenCL}},
}

@InProceedings{pug,
    crossref = {fse10},
    author = {Guodong Li and Ganesh Gopalakrishnan},
    title = {Scalable {SMT}-based verification of {GPU} kernel functions},
} 

@InProceedings{cuda-dynamic,
    crossref = {stmcs08},
    author = {Michael Boyer and Kevin Skadron and Westley Weimer},
    title = {Automated Dynamic Analysis of {CUDA} Programs},
}

@InProceedings{cuda-interf,
    crossref = {hotpar10},
    author = {Stavros Tripakis and Christos Stergiou and Roberto Lublinerman},
    title = {Checking Non-Interference in {SPMD} Programs},
}

@InProceedings{GRace,
    crossref = {ppopp11},
    author = {Mai Zheng and Vignesh T. Ravi and Feng Qin and Gagan Agrawal},
    title = {{GRace}: A Low-Overhead Mechanism for Detecting Data Races in GPU Programs},
}

@InProceedings{gklee,
    crossref = {ppopp12},
    author = {Guodong Li and Peng Li and Geof Sawaga and Ganesh Gopalakrishnan and Indradeep Ghosh and Sreeranga P. Rajan},
    title = {{GKLEE}: Concolic Verification and Test Generation for {GPU}s}
}

@inproceedings{gpuverify12,
   crossref = {oopsla12},
   author = {Betts, Adam and Chong, Nathan and Donaldson, Alastair and Qadeer, Shaz and Thomson, Paul},
   title = {{GPUVerify}: a verifier for {GPU} kernels},
   xpages = {113--132},
}

@InProceedings{klover,
    crossref = {cav11},
    author = {Li, Guodong and Ghosh, Indradeep and Rajan, Sreeranga P.},
    title = {{KLOVER}: a symbolic execution and automatic test generation tool for {C++} programs},
} 

@InProceedings{siegel06-equiv,
    crossref = {issta06},
    author = {Siegel, Stephen F. and Mironova, Anastasia and Avrunin, George S. and Clarke, Lori A.},
    title = {Using model checking with symbolic execution to verify parallel numerical programs},
}

@InProceedings{error-handling-patches,
    crossref = {edcc06},
    author = {Martin S{\"u}{\ss}kraut and Christof Fetzer},
    title = {Automatically Finding and Patching Bad Error Handling},
}

@InProceedings{ernst:machine-learning,
    crossref = {icse04},
    author = {Brun, Yuriy and Ernst, Michael D.},
    title = {Finding Latent Code Errors via Machine Learning over Program Executions},
}

@InProceedings{kremenek:factor-graphs,
    crossref = {ijcai07},
    author    = {Ted Kremenek and Andrew Y. Ng and Dawson R. Engler},
    title     = {A Factor Graph Model for Software Bug Finding},
}

@InProceedings{crameri:updates,
    crossref = {sosp07},
    author = {Crameri, Olivier and Knezevic, Nikola and Kostic, Dejan and Bianchini, Ricardo and Zwaenepoel, Willy},
    title = {Staged deployment in {Mirage}, an integrated software upgrade testing and distribution system},
}

@InProceedings{chen1995,
    crossref = {ftcs78},
    author = {Chen, Liming and Avizienis, Algirdas},
    title = {N-version programming: A Fault-tolerance approach to reliability of software operation},
}

@InProceedings{cox2006,
    crossref = {usenix-sec06},
    author = {Cox, Benjamin and Evans, David and Filipi, Adrian and Rowanhill, Jonathan and Hu, Wei and Davidson, Jack and Knight, John and Nguyen-Tuong, Anh and Hiser, Jason},
    title = {N-variant systems: a secretless framework for security through diversity},
}

@InProceedings{orchestra09,
    crossref = {eurosys09},
    author = {Salamat, Babak and Jackson, Todd and Gal, Andreas and Franz, Michael},
    title = {Orchestra: intrusion detection using parallel execution and monitoring of program variants in user-space},
}

@InProceedings{trachsel10,
    crossref = {cf10},
    author = {Trachsel, Oliver and Gross, Thomas R.},
    title = {Variant-based competitive parallel execution of sequential programs},
}

@inproceedings{cledat:hotpar09,
    crossref = {hotpar09},
    author = {Romain Cledat and Tushar Kumar and Jaswanth Sreeram and Santosh Pande},
    title = {Opportunistic Computing: {A} New Paradigm for Scalable Realism on Many-Cores},
}

@inproceedings{vajda:pespma10,
    crossref = {pespma10},
    title = {{Semantic information based speculative parallel execution}},
    author = {Vajda, Andr{\'a}s and Stenstrom, Per},
}

@InProceedings{beattie2002,
    crossref = {lisa02},
    author = {Beattie, Steve and Arnold, Seth and Cowan, Crispin and Wagle, Perry and Wright, Chris},
    title = {Timing the Application of Security Patches for Optimal Uptime},
}

@InProceedings{data-struct-digging,
    crossref = {osdi08},
    author = {Cozzie, Anthony and Stratton, Frank and Xue, Hui and King, Samuel T.},
    title = {Digging for data structures},
}

@InProceedings{data-struct-rev-eng,
    crossref = {ndss10},
    author    = {Zhiqiang Lin and Xiangyu Zhang and Dongyan Xu},
    title     = {Automatic Reverse Engineering of Data Structures from Binary Execution},
}

@InProceedings{diehard06,
    crossref = {pldi06},
    author = {Berger, Emery D. and Zorn, Benjamin G.},
    title = {DieHard: probabilistic memory safety for unsafe languages},
}

@InProceedings{map-reduce,
    crossref = {osdi04},
    author = {Dean, Jeffrey and Ghemawat, Sanjay},
    title = {MapReduce: simplified data processing on large clusters},
}

@InProceedings{dryad,
    crossref = {eurosys07},
    author = {Isard, Michael and Budiu, Mihai and Yu, Yuan and Birrell, Andrew and Fetterly, Dennis},
    title = {Dryad: distributed data-parallel programs from sequential building blocks},
}

@InProceedings{douceur08,
    crossref = {osdi08},
    author = {Douceur, John R. and Elson, Jeremy and Howell, Jon and Lorch, Jacob R.},
    title = {Leveraging legacy code to deploy desktop applications on the web},
}

@InProceedings{douceur2010,
    crossref = {usenix-atc10},
    author = {Douceur, John R. and Elson, Jeremy and Howell, Jon and Lorch, Jacob R.},
    title = {The utility coprocessor: massively parallel computation from the coffee shop},
}

@InProceedings{flashback,
    crossref = {usenix-atc04},
    author = {Srinivasan, Sudarshan M. and Kandula, Srikanth and Andrews, Christopher R. and Zhou, Yuanyuan},
    title = {Flashback: A Lightweight Extension for Rollback and Deterministic Replay for Software Debugging},
}

@InProceedings{rx,
    crossref = {sosp05},
    author = {Qin, Feng and Tucek, Joseph and Sundaresan, Jagadeesan and Zhou, Yuanyuan},
    title = {Rx: treating bugs as allergies---a safe method to survive software failures},
}

@InProceedings{microreboots,
    crossref = {osdi04},
    author = {Candea, George and Kawamoto, Shinichi and Fujiki, Yuichi and Friedman, Greg and Fox, Armando},
    title = {Microreboot---A technique for cheap recovery},
} 

@InProceedings{compl-schedules11,
    crossref = {sosp11},
    author = {Veeraraghavan, Kaushik and Chen, Peter M. and Flinn, Jason and Narayanasamy, Satish},
    title = {Detecting and surviving data races using complementary schedules},
}

@InProceedings{dthreads:sosp11,
    crossref = {sosp11},
    author = {Tongping Liu and Charlie Curtsinger and Emery D. Berger},
    title = {{\textsc{Dthreads}}: Efficient Deterministic Multithreading},
}

@InProceedings{coredet:asplos10,
    crossref = {asplos10},
    author = {Bergan, Tom and Anderson, Owen and Devietti, Joseph and Ceze, Luis and Grossman, Dan},
    title = {{CoreDet}: A Compiler and Runtime System for Deterministic Multithreaded Execution},
}

@InProceedings{deckard07,
    crossref = {icse07},
    author = {Lingxiao Jiang and Ghassan Misherghi and Zhendong Su},
    title = {Deckard: Scalable and accurate tree-based detection of code clones},
}

@InProceedings{cocktail,
    crossref = {ndss12},
    author = {Hui Xue and Nathan Dautenhahn and Samuel T. King},
    title = {Using Replicated Execution for a More Secure and Reliable Web Browser},
}

@InProceedings{devries10,
    crossref = {ieee-sp10},
    author = {Dominique Devries and Frank Piessens},
    title = {Noninterference Through Secure Multi-Execution},
}

@InProceedings{tightlip,
    crossref = {nsdi07},
    author = {Aydan R. Yumerefendi and Benjamin Mickle and Landon P. Cox},
    title = {TightLip: Keeping Applications from Spilling the Beans},
}

@InProceedings{capizzi08,
    crossref = {acsac08},
    author = {Roberto Capizzi and Antonio Long and V.N. Venkatakrishnan and A. Prasad Sistla},
    title = {Preventing Information Leaks through Shadow Executions},
}

@InProceedings{snort,
    crossref = {lisa99},
    author = {Roesch, Martin},
    title = {Snort - Lightweight Intrusion Detection for Networks},
    OPTpages = {229--238},
} 

@InProceedings{payload-ids04,
   crossref = {raid04},
   author = {Wang, Ke and Stolfo, Salvatore J.},
   title = {Anomalous Payload-Based Network Intrusion Detection},
   OPTpages={203-222},
}

@InProceedings{service-ids02,
   crossref = {sac02},
   author = {Kr\"{u}gel, Christopher and Toth, Thomas and Kirda, Engin},
   title = {Service specific anomaly detection for network intrusion detection},
   OPTpages = {201--208},
}

@InProceedings{yin11,
    crossref = {esec-fse11},
    author = {Zuoning Yin and Ding Yuan and Yuanyuan Zhou and Shankar Pasupathy and Lakshmi Bairavasundaram},
    title = {How Do Fixes Become Bugs?},
}

@InProceedings{buggy-fixes:icse10,
    crossref = {icse10},
    author = {Gu, Zhongxian and Barr, Earl T. and Hamilton, David J. and Su, Zhendong},
    title = {Has the bug really been fixed?}
}

@InProceedings{yogi:icse10,
    crossref = {icse10},
    author = {Aditya V. Nori and Sriram K. Rajamani},
    title = {An empirical study of optimizations in {YOGI}}
}

@InProceedings{johnson2009,
  crossref = {oopsla09},
  author = {Johnson, Robert},
  title = {{OOPSLA} keynote: Moving Fast at Scale - Lessons Learned at
    {Facebook}},
}

@InProceedings{faultlocalization,
  crossref = {issta10},
  author = {Artzi, Shay and Dolby, Julian and Tip, Frank and Pistoia, Marco},
  title = {Directed Test Generation for Effective Fault Localization},
}

@InProceedings{mace,
  crossref = {usenix-sec11},
  author = {Cho, Chia Yuan and Babi\'{c}, Domagoj and Poosankam, Pongsin and Chen, Kevin Zhijie and Wu, Edward XueJun and Song, Dawn},
  title = {MACE: model-inference-assisted concolic exploration for protocol and vulnerability discovery},
}

@InProceedings{babic11,
  crossref = {issta11},
  author = {Babi\'{c}, Domagoj and Martignoni, Lorenzo and McCamant, Stephen and Song, Dawn},
  title = {Statically-directed Dynamic Automated Test Generation},
}

@InProceedings{directed-symex11,
  crossref = {sas11},
  author = {Kin-Keung Ma and Yit Phang Khoo and Jeffrey S. Foster and Michael Hicks},
  title = {Directed Symbolic Execution},
}

@InProceedings{directed-incr-symex11,
  crossref = {pldi11},
  author = {Person, Suzette and Yang, Guowei and Rungta, Neha and Khurshid, Sarfraz},
  title = {Directed incremental symbolic execution},
}

@InProceedings{dataflow12,
  crossref = {pldi12},
  author = {Hakjoo Oh and Kihong Heo and Wonchan Lee and Woosuk Lee and Kwangkeun Yi},
  title = {Design and implementation of sparse global analyses for {C}-like languages},
}

@InProceedings{JPF-SE,
   crossref = {tacas07},
   author = {Anand, Saswat and P\u{a}s\u{a}reanu, Corina S. and Visser, Willem},
   title = {{JPF-SE}: a symbolic execution extension to {Java PathFinder}},
}

@InProceedings{loop-symbex,
  crossref = {issta09},
  author = {Saxena, Prateek and Poosankam, Pongsin and McCamant, Stephen and Song, Dawn},
  title = {Loop-extended Symbolic Execution on Binary Programs},
}

@InProceedings{penumbra,
  crossref = {issta09},
  author = {James Clause and Alessandro Orso},
  title = {{PENUMBRA}: Automatically Indentifying Failure-Relevant Inputs Using Dynamic Tainting},
}

@InProceedings{taintSymbexOverview,
  crossref = {ieee-sp10},
  author = {Schwartz, Edward J. and Avgerinos, Thanassis and Brumley David},
  title = {{All You Ever Wanted to Know About Dynamic Taint Analysis and Forward Symbolic Execution (but might have been afraid to ask)}},
}

@InProceedings{yoo09,
  crossref = {icstw09},
  author = {Yoo, Shin and Harman, Mark and Ur, Shmuel},
  title = {Measuring and Improving Latency to Avoid Test Suite Wear Out},
}

@InProceedings{paravirt,
  crossref = {osdi02},
  author = {Whitaker, Andrew and Shaw, Marianne and Gribble, Steven D.},
  title = {Scale and performance in the {Denali} isolation kernel},
}

@InProceedings{SaffE2003,
   crossref = {issre03},
   author = {David Saff and Michael D. Ernst},
   title = {Reducing wasted development time via continuous testing},
}

@InProceedings{castro:bbr,
   crossref = {asplos09},
   author = {Castro, Miguel and Costa, Manuel and Martin, Jean-Philippe},
   title = {Better bug reporting with better privacy},
}

@InProceedings{Lal:2006,
  crossref = {esop06},
  author =	 {Akash Lal and Junghee Lim and Marina Polishchuk and
                  Ben Liblit},
  title =	 {Path Optimization in Programs and its Application to
                  Debugging},
}

@inproceedings{vx32,
  crossref = {usenix-atc08},
  author = {Bryan Ford and Russ Cox},
  title = {Vx32: Lightweight User-level Sandboxing on the x86},
}

@InProceedings{nacl,
   crossref = {ieee-sp09},
   author = {Bennet Yee and David Sehr and Gregory Dardyk and J. Bradley Chen and Robert Muth and Tavis Ormandy and Shiki Okasaka and Neha Narula and Nicholas Fullagar},
   title = {{Native Client}: A Sandbox for Portable, Untrusted x86 Native Code},
}

@InProceedings{nacl-cpu,
   crossref = {usenix-sec10},
   author = {David Sehr and Robert Muth and Cliff Biffle and Victor Khimenko and Egor Pasko and Karl Schimpf and Bennet Yee and Brad Chen},
   title = {Adapting Software Fault Isolation to Contemporary CPU Architectures},
}

@InProceedings{nacl-jit,
   crossref = {pldi11},
   author = {Jason Ansel and Petr Marchenko and Ulfar Erlingsson and Elijah Taylor and Brad Chen and Derek L. Schuff and David Sehr and Cliff L. Biffle and Bennet Yee},
   title = {Language-Independent Sandboxing of Just-In-Time Compilation and Self-Modifying Code},
}

@InProceedings{Xu-geneticaugmentation,
   crossref = {gecco10},
   author = {Xu, Zhihong and Cohen, Myra B. and Rothermel, Gregg},
   title = {Factors affecting the use of genetic algorithms in test suite augmentation},
}

@InProceedings{graphcomparison05,
    crossref = {sstic05},
    author = {Thomas Dullien and Rolf Rolles and Ruhr-universitaet Bochum},
    title = {Graph-based comparison of executable objects},
}

@inproceedings{gismoe,
    crossref = {ase12},
    author = {Mark Harman and William Langdon and Yue Jia and David White and Andrea Arcuri and John Clark},
    title = {The {GISMOE} challenge: constructing the pareto program surface using genetic programming to find better programs},
}

@InProceedings{process-replicae07,
    crossref = {ipccc07},
    author={Bruschi, Danilo and Cavallaro, Lorenzo and Lanzi, Andrea},
    title={Diversified Process Replicae for Defeating Memory Error Exploits},
}

@InProceedings{jockey,
    crossref = {aadebug05},
    author = {Yasushi Saito},
    title = {Jockey: a user-space library for record-replay debugging},
}

@InProceedings{geels06,
    crossref = {usenix-atc06},
    author = {Dennis Geels and Gautam Altekar and Scott Shenker and Ion Stoica},
    title = {Replay debugging for distributed applications},
}

@InProceedings{scribe,
    crossref = {sigmetrics10},
    author = {Oren Laadan and Nicolas Viennot and Jason Nieh},
    title = {Transparent, Lightweight Application Execution Replay on Commodity Multiprocessor Operating Systems}
}

@InProceedings{r2,
    crossref = {osdi08},
    author = {Zhenyu Guo and Xi Wang and Jian Tang and Xuezheng Liu and Zhilei Xu and Ming Wu and M. Frans Kaashoek and Zheng Zhang},
    title = {R2: An Application-Level Kernel for Record and Replay},
}

@InProceedings{kitsune,
    crossref = {oopsla12},
    author = {Christopher M. Hayden and Edward K. Smith and Michail Denchev and Michael Hicks and Jeffrey S. Foster},
    title = {{Kitsune}: Efficient, General-purpose Dynamic Software Updating for {C}},
}

@InProceedings{upstare,
    crossref = {usenix-atc09},
    author = {Kristis Makris and Rida A. Bazi},
    title = {Immediate Multi-Threaded Dynamic Software Updates Using Stack Reconstruction},
}

@InProceedings{ginseng,
    crossref = {pldi06},
    author = {Iulian Neamtiu and Michael Hicks and Gareth Stoyle and Manuel Oriol},
    title = {Practical dynamic software updating for {C}},
}

@InProceedings{ginseng-mt,
    crossref = {pldi09},
    author = {Iulian Neamtiu and Michael Hicks},
    title = {Safe and timely dynamic updates for multi-threaded programs},
}

@InProceedings{opus,
    crossref = {usenix-sec05},
    author = {Altekar, Gautam and Bagrak, Ilya and Burstein, Paul and Schultz, Andrew},
    title = {{OPUS}: Online Patches and Updates for Security},
}

@InProceedings{dynamos,
    crossref = {eurosys07},
    author = {Makris, Kristis and Ryu, Kyung Dong},
    title = {Dynamic and Adaptive Updates of Non-quiescent Subsystems in Commodity Operating System Kernels},
}

@InProceedings{polus,
    crossref = {icse07},
    author = {Chen, Haibo and Yu, Jie and Chen, Rong and Zang, Binyu and Yew, Pen-Chung}, 
    title = {POLUS: A POwerful Live Updating System},
}

@InProceedings{ksplice,
    crossref = {eurosys09},
    author = {Arnold, Jeff and Kaashoek, M. Frans},
    title = {Ksplice: Automatic Rebootless Kernel Updates},
}

@InProceedings{k42,
    crossref = {usenix-atc05},
     author = {Andrew Baumann and Gernot Heiser and Dilma Da Silva and Orran Krieger and Robert W. Wisniewski and Jeremy Kerr},
    title = {Providing dynamic update in an operating system},
}

@InProceedings{ekiden,
    crossref = {hotswup11},
    author = {Christopher M. Hayden and Edward K. Smith and Michael Hicks and Jeffrey S. Foster},
    title = {State Transfer for Clear and Efficient Runtime Updates},
}

@InProceedings{proteos,
    crossref = {asplos13},
    author = {Giuffrida, Cristiano and Kuijsten, Anton and Tanenbaum, Andrew S.},
    title = {Safe and Automatic Live Update for Operating Systems},
}

@InProceedings{howard:ndss11,
    crossref = {ndss11},
    author = {Asia Slowinska and Traian Stancescu and Herbert Bos},
    title = {Howard: a dynamic excavator for reverse engineering data structures},
}

@InProceedings{cook:paste05,
    crossref = {paste05},
    author = {Jonathan Cook and Alessandro Orso},
    title = {{MonDe}: Safe Updating through Monitored Deployment of New Component Versions},
}

@InProceedings{soap,
    crossref = {icse12},
    author = {Fan Long and Vijay Ganesh and Michael Carbin and Stelios Sidiroglou and Martin Rinard},
    title = {Automatic Input Rectification},
}

@InProceedings{rinard:comfort07,
    crossref = {oopsla07},
    author = {Martin Rinard},
    title = {Living in the comfort zone},
}

@InProceedings{semfix,
    crossref = {icse13},
    author = {Hoang Duong Thien Nguyen and Dawei Qi and Abhik Roychoudhury and Satish Chandra},
    title = {{SemFix}: Program Repair via Semantic Analysis},
}

@InProceedings{snap,
    crossref = {issta10},
    author = {Michael Carbin and Martin Rinard},
    title = {Automatically Identifying Critical Input Regions and Code in Applications},
}

@InProceedings{confaid,
    crossref = {osdi10},
    author = {Mona Attariyan and Jason Flinn},
    title = {Automating configuration troubleshooting with dynamic information flow analysis},
}

@InProceedings{juzi,
    crossref = {icse08},
    author = {Bassem Elkarablieh and Sarfraz Khurshid},
    title = {{Juzi}: A tool for Repairing Complex Data Structures},
}

@InProceedings{dsdsr,
    crossref = {icse10},
    author = {Ishtiaque Hussain and Christoph Csallner},
    title = {Dynamic Symbolic Data Structure Repair},
}

@InProceedings{cook:icse99,
    crossref = {icse99},
    author = {Jonathan E. Cook and Jeffrey A. Dage},
    title = {Highly Reliable Upgrading of Components},
}

@InProceedings{smt-portf:cav09,
    crossref = {cav09},
    author = {Christoph M. Wintersteiger and Youssef Hamadi and Leonardo de Moura},
    title = {A concurrent portfolio approach to {SMT} solving},
}

@InProceedings{smt-cbmc:ase09,
    crossref = {ase09},
    author = {Lucas Cordeiro and Bernd Fischer and Joao Marques-Silva},
    title = {{SMT}-based bounded model checking for embedded {ANSI-C} software},
}

@InProceedings{metasmt,
    crossref = {difts11},
    author = {Finn Haedicke and Stefan Frehse and G{\"o}rschwin Fey and Daniel Gro{\ss}e and Rolf Drechsler},
    title = {{metaSMT}: Focus on your application not on solver integration},
}

@InProceedings{faust:spin12,
    crossref = {spin12},
    author = {Heinz Riener and G{\"o}rschwin Fey},
    title = {{FAuST}: a framework for formal verification, automated debugging, and software test generation},
}

@InProceedings{green,
  crossref = {fse12},
  author = {Willem Visser and Jaco Geldenhuys and Matthew B. Dwyer}, 
  title = {Green: reducing, reusing and recycling constraints in program analysis},  
}

@InProceedings{memoized:symex,
  crossref = {issta12},
  author = {Yang, Guowei and P\u{a}s\u{a}reanu, Corina S. and Khurshid, Sarfraz},
  title = {Memoized symbolic execution},
}

@InProceedings{boolector09,
  crossref  = {tacas09},
  author    = {Robert Brummayer and Armin Biere},
  title     = {Boolector: An Efficient {SMT} Solver for Bit-Vectors and Arrays},
}

@InProceedings{yogi:tacas09,
  crossref  = {tacas09},
  author    = {Aditya V. Nori and Sriram K. Rajamani and SaiDeep Tetali and Aditya V. Thakur},
  title     = {The YogiProject: Software Property Checking via Static Analysis and Testing},
}

@InProceedings{sword07,
  crossref  = {vlsi07},
  author    = {Robert Wille and G{\"o}rschwin Fey and Daniel Gro{\ss}e and Stephan Eggersgl{\"u}{\ss} and Rolf Drechsler},
  title     = {{SWORD}: A {SAT} like prover using word level information},
}

@InProceedings{evosuite,
  crossref = {esec-fse11},
  author={Gordon Fraser and Andrea Arcuri},
  title={{EvoSuite}: automatic test suite generation for object-oriented software},
  OPTpages={416--419},
}

@InProceedings{sbseseeding:icse12,
  crossref = {icse12},
  author = {Gordon Fraser and Andrea Arcuri}, 
  title = {The Seed is Strong: Seeding Strategies in Search-Based Software Testing},  
}

@InProceedings{hoard,
  crossref = {asplos00},
  author = {Emery D. Berger and Kathryn S. McKinley and Robert D. Blumofe and Paul R. Wilson},
  title = {Hoard: A Scalable Memory Allocator for Multithreaded Applications},
}

@InProceedings{lcrq,
  crossref = {ppopp13},
  author = {Adam Morrison and Yehuda Afek},
  title = {Fast Concurrent Queues for x86 Processors},
}

@InProceedings{jolt,
  crossref = {ecoop11},
  author = {Michael Carbin and Sasa Misailovic and Michael Kling and Martin Rinard},
  title = {Detecting and Escaping Infinite Loops with Jolt},
}

@InProceedings{bolt,
  crossref = {oopsla12},
  author = {Michael Kling and Sasa Misailovic and Michael Carbin and Martin Rinard},
  title = {Bolt: On-Demand Infinite Loop Escape in Unmodified Binaries},
}

@InProceedings{levenshtein1966binary,
  title={Binary codes capable of correcting deletions, insertions and
reversals},
  author={Levenshtein, Vladimir I},
  booktitle={Soviet physics doklady},
  volume={10},
  pages={707},
  year={1966}
}

@InProceedings{ostia,
  crossref = {ndss04},
  author = {Tal Garfinkel and Ben Pfaff and Mendel Rosenblum},
  title = {Ostia: A Delegating Architecture for Secure System Call Interposition},
}

@InProceedings{merging:pldi12,
   crossref = {pldi12}, 
   author = {Kuznetsov, Volodymyr and Kinder, Johannes and Bucur, Stefan and Candea, George},
   title = {Efficient state merging in symbolic execution},
}

@InProceedings{shadow:honeypots,
  crossref = {usenix-sec05},
  author = {Anagnostakis, K. G. and Sidiroglou, S. and Akritidis, P. and Xinidis, K. and Markatos, E. and Keromytis, A. D.},
  title = {Detecting targeted attacks using shadow honeypots},
} 

@InProceedings{KimN06,
  crossref = {msr06},
  author    = {Miryung Kim and David Notkin},
  title     = {Program element matching for multi-version program analyses},
  OPTpages     = {58-64},
}

@InProceedings{cov-evol:icsm01,
  crossref = {icsm01},
  title={The impact of software evolution on code coverage information},
  author={Elbaum, Sebastian and Gable, David and Rothermel, Gregg},
  OPTpages={170--},
}

@InProceedings{release-patterns:icsm07,
  crossref = {icsm07},
  author={Hindle, A. and Godfrey, M.W. and Holt, R.C.}, 
  title={Release Pattern Discovery: A Case Study of Database Systems}, 
  OPTpages={285-294}, 
}

@InPROCEEDINGS{churn-bugs:issre96,
  crossref = {issre96},
  author={Khoshgoftaar, T.M. and Allen, E.B. and Goel, N. and Nandi, A. and McMullan, J.}, 
  title={Detection of software modules with high debug code churn in a very large legacy system}, 
}

@inproceedings{warnings:msr06,
  crossref = {msr06},
  author = {Spacco, Jaime and Hovemeyer, David and Pugh, William},
  title = {Tracking Defect Warnings Across Versions},
}

@inproceedings{change-source-code:msr07,
  crossref = {msr07},
  author = {Canfora, Gerardo and Cerulo, Luigi and Di Penta, Massimiliano},
  title = {Identifying Changed Source Code Lines from Version Repositories},
}

@inproceedings{branching-merging:msr08,
  crossref = {msr08},
  author = {Williams, Chad and Spacco, Jaime},
  title = {Branching and Merging in the Repository},
}

@inproceedings{szzrevisited:defects08,
  crossref = {defects08},
  author = {Williams, Chad and Spacco, Jaime},
  title = {{SZZ} Revisited: Verifying When Changes Induce Fixes},
}

@inproceedings{szz:msr05,
  crossref = {msr05},
  author = {\'{S}liwerski, Jacek and Zimmermann, Thomas and Zeller, Andreas},
  title = {When Do Changes Induce Fixes?},
}

@inproceedings{szz:ase06,
  crossref = {ase06},
  author = {Kim, Sunghun and Zimmermann, Thomas and Pan, Kai and Whitehead, E. James Jr.},
  title = {Automatic Identification of Bug-Introducing Changes},
}

@inproceedings{slicing:fse12,
  crossref = {fse12},
  author = {Servant, Francisco and Jones, James A.},
  title = {History Slicing: Assisting Code-evolution Tasks},
}

@inproceedings{cause-effect-chains:issre11,
  crossref = {issre11},
  author = {Herzig, Kim and Zeller, Andreas},
  title = {Mining Cause-Effect-Chains from Version Histories},
}

@inproceedings{bug-feature:icse13,
  crossref = {icse13},
  author = {Herzig, Kim and Just, Sascha and Zeller, Andreas},
  title = {It's Not a Bug, It's a Feature: How Misclassification Impacts Bug Prediction},
}

@inproceedings{change-bursts:issre10,
  crossref = {issre10},
  author = {Nagappan, Nachiappan and Zeller, Andreas and Zimmermann, Thomas and Herzig, Kim and Murphy, Brendan},
  title = {Change Bursts As Defect Predictors},
}

@inproceedings{long-term-impact:icse10,
  crossref = {icse10},
  author = {Herzig, Kim},
  title = {Capturing the Long-Term Impact of Changes},
}

@inproceedings{genealogies:issre13,
  crossref = {issre13},
  author = {Herzig, Kim and Just, Sascha and Rau, Andreas and Zeller, Andreas},
  title = {Predicting Defects Using Change Genealogies},
}

@inproceedings{evosuite-dse:issre13,
  crossref = {issre13},
  author = {Galeotti, Juan Pablo and Fraser, Gordon and Arcuri, Andrea},
  title = {Improving search-based test suite generation with dynamic symbolic execution},
}

@inproceedings{whosefault:icse12,
  crossref = {icse12},
  author = {Servant, Francisco and Jones, James A.},
  title = {{WhoseFault}: Automatic Developer-to-Fault Assignment through Fault Localization},
}

@inproceedings{non-fix-hunks:dsmm09,
  crossref = {dsmm09},
  author = {Jung, Yungbum and Oh, Hakjoo and Yi, Kwangkeun},
  title = {Identifying Static Analysis Techniques for Finding Non-fix Hunks in Fix Revisions},
}

@inproceedings{categorization:esem10,
  crossref = {esem10},
  author = {Murgia, Alessandro and Concas, Giulio and Marchesi, Michele and Tonelli, Roberto},
  title = {A machine learning approach for text categorization of fixing-issue commits on {CVS}},
}

@inproceedings{change-prediction:ase07,
  crossref = {ase07},
  author = {Kagdi, Huzefa},
  title = {Improving Change Prediction with Fine-Grained Source Code Mining},
}

@inproceedings{containers:eurosys07,
	crossref = {eurosys07},
	author = {Soltesz, Stephen and P\"{o}tzl, Herbert and Fiuczynski, Marc E. and Bavier, Andy and Peterson, Larry},
	title = {Container-based Operating System Virtualization: A Scalable, High-performance Alternative to Hypervisors},
}

@inproceedings{fastforward,
  crossref = {ppopp08},
  author = {John Giacomoni and Tipp Moseley and Manish Vachharajani},
  title = {{FastForward} for efficient pipeline parallelism: a cache-optimized concurrent lock-free queue},
}

@inproceedings{mcringbuffer,
  crossref = {ipdps10},
  author = {Lee, Patrick Pak-Ching and Bu, Tian and Chandranmenon, Girish},
  title = {A lock-free, cache-efficient multi-core synchronization mechanism for line-rate network traffic monitoring},
}

@inproceedings{jain1999,
  crossref = {ndss99},
  author = {K. Jain and R. Sekar},
  title = {User-Level Infrastructure for System Call Interposition: A Platform for Intrusion Detection and Confinement},
}

@inproceedings{provos2002,
  crossref = {usenix-sec02},
  author = {Niels Provos},
  title = {Improving host security with system call policies},
}

@inproceedings{purdila2006,
  crossref = {ndss06},
  author = {Octavian Purdila and Andreas Terzis},
  title = {A Dynamic Browser Containment Environment for Countering Web-based Malware},
}

@InProceedings{veritesting:icse14,
   crossref = {icse14}, 
   author = {Thanassis Avgerinos and Alexandre Rebert and Sang Kil Cha and David Brumley},
   title = {Enhancing Symbolic Execution with Veritesting},
}

@InProceedings{gopinath:icse14,
   crossref = {icse14},
   author = {Rahul Gopinath and Carlos Jensen and Alex Groce},
   title = {Code Coverage for Suite Evaluation by Developers},
}

@InProceedings{inozemtseva:icse14,
   crossref = {icse14},
   author = {Laura Inozemtseva and Reid Holmes},
   title = {Coverage Is Not Strongly Correlated with Test Suite Effectiveness},
}

@InProceedings{detours,
  crossref = {usenix-nt99},
  author = {Galen Hunt and Doug Brubacher},
  title = {Detours: Binary Interception of Win32 Functions},
}

@InProceedings{morula,
  crossref = {ieee-sp14},
  author = {Byoungyoung Lee and Long Lu and Tielei Wang and Taesoo Kim and Wenke Lee},
  title = {From Zygote to Morula: Fortifying Weakened ASLR on Android},
}

@InProceedings{xenlr,
  crossref = {fcst08},
  author = {Liu, Haikun and Jin, Hai and Liao, Xiaofei and Pan, Zhengqiu},
  title = {{XenLR}: Xen-based Logging for Deterministic Replay},
}

@InProceedings{ibugs,
  crossref = {ase07},
  author = {Valentin Dallmeier and Thomas Zimmermann},
  title = {Extraction of Bug Localization Benchmarks from History},
}

@InProceedings{sbstaugmentation,
  crossref = {regression13},
  author = {S. Shamshiri and G. Fraser and P. McMinn and A. Orso},
  title = {Search-Based Propagation of Regression Faults in Automated Regression Testing},
}

@InProceedings{rwset2,
  crossref = {usenix-atc13},
  author = {Suhabe Bugrara and Dawson Engler},
  title = {Redundant State Detection for Dynamic Symbolic Execution},
}

@InProceedings{imunit,
  crossref = {esec-fse11},
  author = {Vilas Jagannath and Milos Gligoric and Dongyun Jin and Qingzhou Luo and Grigore Rosu and Darko Marinov},
  title = {Improved Multithreaded Unit Testing},
}

@InProceedings{sbstdse:ase11,
  crossref = {ase11},
  author = {Jan Malburg and Gordon Fraser},
  title = {Combining Search-based and Constraint-based Testing},
}

@InProceedings{symsbst:ase11,
  crossref = {ase11},
  author = {Baars, A. and Harman, M. and Hassoun, Y. and Lakhotia, K. and McMinn, P. and Tonella, P. and Vos, T.},
  title = {Symbolic Search-Based Testing},
}

@InProceedings{fitsymex:dsn09,
  crossref = {dsn09},
  author = {Tao Xie and Nikolai Tillmann and Jonathan Halleux and Wolfram Schulte},
  title = {Fitness-Guided Path Exploration in Dynamic Symbolic Execution},
}

@InProceedings{bpf,
  crossref = {usenix-win93},
  author = {McCanne, Steven and Jacobson, Van},
  title = {The {BSD} Packet Filter: A New Architecture for User-level Packet Capture},
}

@InProceedings{unibus:nspw10,
  crossref = {nspw10},
  author = {Franz, Michael},
  title = {E unibus pluram: massive-scale software diversity as a defense mechanism},
}

@InProceedings{sfi:sosp93,
  crossref = {sosp93},
  author = {Wahbe, Robert and Lucco, Steven and Anderson, Thomas E. and Graham, Susan L.},
  title = {Efficient software-based fault isolation},
}

@InProceedings{cisc-sfi:usenix-sec06,
  crossref = {usenix-sec06},
  author = {McCamant, Stephen and Morrisett, Greg},
  title = {Evaluating {SFI} for a {CISC} architecture},
}

@InProceedings{futex,
  crossref = {ols02},
  author = {Hubertus Franke and Rusty Russell and Matthew Kirkwood},
  title = {Fuss, Futexes and Furwocks: Fast Userlevel Locking in Linux},
}

@InProceedings{systrace,
  crossref = {usenix-sec03},
  author = {Niels Provos},
  title = {Improving host security with system call policies},
}

@InProceedings{capsicum,
  crossref = {usenix-sec10},
  author = {Robert N. M. Watson and Jonathan Anderson and Ben Laurie and Kris Kennaway},
  title = {Capsicum: practical capabilities for UNIX},
}

@InProceedings{drawbridge,
  crossref = {asplos11},
  author = {Donald E. Porter and Silas Boyd-Wickizer and Jon Howell and Reuben Olinsky and Galen C. Hunt},
  title = {Rethinking the Library OS from the Top Down},
}

@InProceedings{bascule,
  crossref = {eurosys13},
  author = {Andrew Baumann and Dongyoon Lee and Pedro Fonseca and Lisa Glendenning and Jacob R. Lorch and Barry Bond and Reuben Olinsky and Galen C. Hunt},
  title = {Composing OS Extensions Safely and Efficiently with Bascule},
}

@InProceedings{iago,
  crossref = {asplos13},
  author = {Stephen Checkoway and Hovav Shacham},
  title = {Iago attacks: why the system call API is a bad untrusted RPC interface},
}

@InProceedings{txbox,
  crossref = {ieee-sp11},
  author = {Jana, Suman and Porter, Donald E. and Shmatikov, Vitaly},
  title = {TxBox: Building Secure, Efficient Sandboxes with System Transactions},
}

@InProceedings{mbox,
  crossref = {usenix-atc13},
  author = {Taesoo Kim and Nickolai Zeldovich},
  title = {Practical and effective sandboxing for non-root users},
}

@InProceedings{watson07,
  crossref = {woot07},
  author = {Watson, Robert N. M.},
  title = {Exploiting Concurrency Vulnerabilities in System Call Wrappers},
}

@InProceedings{wily-hacker,
  crossref = {usenix-sec96},
  author = {Goldberg, Ian and Wagner, David and Thomas, Randi and Brewer, Eric A.},
  title = {A Secure Environment for Untrusted Helper Applications Confining the Wily Hacker},
}

@InProceedings{tron,
  crossref = {tcon95},
  author = {Berman, Andrew and Bourassa, Virgil and Selberg, Erik},
  title = {{TRON}: Process-specific File Protection for the UNIX Operating System},
}

@InProceedings{subdomain,
  crossref = {lisa00},
  author = {Crispin Cowan and Steve Beattie and Greg Kroah-Hartman and Calton Pu and Perry Wagle and Virgil Gligor},
  title = {SubDomain: Parsimonious Server Security},
}

@InProceedings{cots-hardening,
  crossref = {ieee-sp99},
  author = {Lee Badger and Mark Feldman and Glenwood Md},
  title = {Hardening COTS Software with Generic Software Wrappers},
}

@InProceedings{wespi00,
  crossref = {raid00},
  author = {Wespi, Andreas and Dacier, Marc and Debar, Herv{\'e}},
  title = {Intrusion Detection Using Variable-Length Audit Trail Patterns},
}

@InProceedings{sekar01,
  crossref = {ieee-sp01},
  author = {R. Sekar and M. Bendre and D. Dhurjati and P. Bollineni},
  title = {A Fast Automaton-Based Method for Detecting Anomalous Program Behaviors},
}

@InProceedings{gao04,
  crossref = {ccs04},
  author = {Gao, Debin and Reiter, Michael K. and Song, Dawn},
  title = {Gray-box Extraction of Execution Graphs for Anomaly Detection},
}

@InProceedings{sandeep06,
  crossref = {ieee-sp06},
  author = {Bhatkar, Sandeep and Chaturvedi, Abhishek and Sekar, R.},
  title = {Dataflow Anomaly Detection},
}

@InProceedings{cai05,
  crossref = {issre05},
  author = {Xia Cai and Lyu, Michael R. and Vouk, Mladen A.},
  title = {An experimental evaluation on reliability features of N-version programming},
}

@inproceedings{hotswup:pina13,
  crossref  = {hotswup13},
  author    = {Lu{\'{\i}}s Pina and Michael Hicks},
  title     = {Rubah: Efficient, General-purpose Dynamic Software Updating for {Java}},
}

@inproceedings{hotswup:marques13,
  crossref  = {hotswup13},
  author    = {Eduardo R. B. Marques},
  title     = {Fine-grained Patches for {Java} Software Upgrades},
}

@inproceedings{hotswup:payer13,
  crossref  = {hotswup13},
  author    = {Mathias Payer and Boris Bluntschli and Thomas R. Gross},
  title     = {{DynSec}: On-the-fly Code Rewriting and Repair},
}

@inproceedings{hotswup:holmbacka13,
  crossref  = {hotswup13},
  author    = {Simon Holmbacka and Wictor Lund and S{\'{e}}bastien Lafond and Johan Lilius},
  title     = {Lightweight Framework for Runtime Updating of {C}-Based Software in Embedded Systems},
}

@inproceedings{hotswup:martinez13,
  crossref  = {hotswup13},
  author    = {Sebastien Martinez and Fabien Dagnat and J{\'{e}}r{\'{e}}my Buisson},
  title     = {Prototyping {DSU} Techniques Using {Python}},
}

@inproceedings{jvolve,
  crossref = {pldi09},
  author = {Subramanian, Suriya and Hicks, Michael and McKinley, Kathryn S.},
  title = {Dynamic Software Updates: A {VM}-centric Approach},
}

@inproceedings{jdrums,
  crossref = {jtres00},
  author = {Tobias Ritzau and Jesper Andersson},
  title = {Dynamic deployment of {Java} applications},
}

@inproceedings{dvm,
  crossref = {pppj10},
  author = {Thomas W\"{u}rthinger and Christian Wimmer and Lukas Stadler},
  title = {Dynamic Code Evolution for {Java}},
}

@InProceedings{true:sp12,
  crossref = {ieee-sp12},
  author = {Mathias Payer and Tobias Hartmann and Thomas R. Gross},
  title = {Safe Loading -- A Foundation for Secure Execution of Untrusted Programs},
}

@InProceedings{libdetox:vee11,
  crossref = {vee11},
  author = {Mathias Payer and Thomas R. Gross},
  title = {Fine-Grained User-Space Security Through Virtualization},
}

@InProceedings{sosie:issta14,
  crossref = {issta14},
  author = {Baudry, Benoit and Allier, Simon and Monperrus, Martin},
  title = {Tailored Source Code Transformations to Synthesize Computationally Diverse Program Variants},
  OPTpages = {149--159},
}

@InProceedings{cook:isca13,
  crossref = {isca13},
  author = {Cook, Henry and Moreto, Miquel and Bird, Sarah and Dao, Khanh and Patterson, David A. and Asanovic, Krste},
  title = {A Hardware Evaluation of Cache Partitioning to Improve Utilization and Energy-efficiency While Preserving Responsiveness},
}

@InProceedings{ronsse01,
  crossref = {iccs01},
  author = {Ronsse, Michiel and Christiaens, Mark and Bosschere, Koenraad De},
  title = {Cyclic Debugging Using Execution Replay},
}

@InProceedings{levrouw94,
  crossref = {ipdps94},
  author = {Levrouw, L.J. and Audenaert, K.M.R. and Van Campenhout, J.M.},
  title = {A New Trace And Replay System For Shared Memory Programs Based On {Lamport} Clocks},
}

@InProceedings{java-mac01,
  crossref = {rv01},
  author = {Moonjoo Kim and Sampath Kannan and Insup Lee and Oleg Sokolsky and Mahesh Viswanathan},
  title = {{Java-MaC}: a Run-time Assurance Tool for Java Programs},
}

@InProceedings{jackson10,
  crossref = {csiirw10},
  author = {Todd Jackson and Christian Wimmer and Michael Franz},
  title = {Multi-Variant Program Execution for Vulnerability Detection and Analysis},
}

@InProceedings{aoc:oopsla03,
  crossref = {oopsla03},
  author = {Martin Rinard},
  title = {Acceptability-Oriented Computing},
}

@InProceedings{shepherding:pldi14,
  crossref = {pldi14},
  author = {Fan Long and Stelios Sidiroglou-Douskos and Martin Rinard},
  title = {Automatic Runtime Error Repair and Containment via Recovery Shepherding},
}

@inproceedings{jailer,
  crossref = {secrypt07},
  author = {Guido Van't Noordende and \'{A}d\'{a}m Balogh and Rutger Hofman and Frances M. T. Brazier and Andrew S. Tanenbaum},
  title = {A secure jailing system for confining untrusted applications},
}

@inproceedings{bluebox,
  crossref = {ndss02},
  author = {Suresh N. Chari and Pau-Chen Cheng},
  title = {{BlueBox}: A Policy-driven, Host-Based Intrusion Detection System},
}

@inproceedings{dike:uml,
  crossref = {als01},
  author = {Dike, Jeff},
  title = {User-mode Linux},
}

@inproceedings{spillane07,
  crossref = {expcs07},
  author = {Spillane, Richard P. and Wright, Charles P. and Sivathanu, Gopalan and Zadok, Erez},
  title = {Rapid file system development using ptrace},
}

@inproceedings{garfinkel:traps,
  crossref = {ndss03},
  author = {Tal Garfinkel},
  title = {Traps and Pitfalls: Practical Problems in in System Call Interposition based Security Tools},
}

@inproceedings{garfinkel:vmi,
  crossref = {ndss03},
  author = {Tal Garfinkel and Mendel Rosenblum},
  title = {A Virtual Machine Introspection Based Architecture for Intrusion Detection},
}

@inproceedings{crosscut,
  crossref = {vee10},
  author = {Jim Chow and Dominic Lucchetti and Tal Garfinkel and Geoffrey Lefebvre and Ryan Gardner and Joshua Mason and Sam Small and Peter M. Chen},
  title = {Multi-stage replay with {Crosscut}},
}

@inproceedings{smp-revirt,
  crossref = {vee08},
  author = {Dunlap, George W. and Lucchetti, Dominic G. and Fetterman, Michael A. and Chen, Peter M.},
  title = {Execution Replay of Multiprocessor Virtual Machines},
}

@inproceedings{bugnet,
  crossref = {isca05},
  author = {Narayanasamy, Satish and Pokam, Gilles and Calder, Brad},
  title = {{BugNet}: Continuously Recording Program Execution for Deterministic Replay Debugging},
}

@inproceedings{kendo,
  crossref = {asplos09},
  author = {Olszewski, Marek and Ansel, Jason and Amarasinghe, Saman},
  title = {{Kendo}: Efficient Deterministic Multithreading in Software},
}

@inproceedings{choi98,
  crossref = {spdt98},
  author = {Choi, Jong-Deok and Srinivasan, Harini},
  title = {Deterministic Replay of Java Multithreaded Applications},
}

@inproceedings{russinovich96,
  crossref = {pldi96},
  author = {Russinovich, Mark and Cogswell, Bryce},
  title = {Replay for Concurrent Non-deterministic Shared-memory Applications},
}

@inproceedings{bressoud1995,
  crossref = {sosp95},
  author = {Bressoud, T. C. and Schneider, F. B.},
  title = {Hypervisor-based Fault Tolerance},
}

@inproceedings{revirt,
  crossref = {osdi02},
  author = {Dunlap, George W. and King, Samuel T. and Cinar, Sukru and Basrai, Murtaza A. and Chen, Peter M.},
  title = {{ReVirt}: Enabling Intrusion Analysis Through Virtual-machine Logging and Replay},
}

@inproceedings{rr,
  crossref = {icdcs07},
  author = {Bergheaud, P. and Subhraveti, D. and Vertes, M.},
  title={Fault Tolerance in Multiprocessor Systems Via Application Cloning},
}

@inproceedings{tft,
  crossref = {ftcs98},
  author = {Bressoud, T.C.},
  title = {{TFT}: a software system for application-transparent fault tolerance},
}

@inproceedings{thane00,
  crossref = {rts00},
  author = {Thane, H. and Hansson, H.},
  title = {Using deterministic replay for debugging of distributed real-time systems},
}

@inproceedings{strata,
  crossref = {asplos06},
  author = {Narayanasamy, Satish and Pereira, Cristiano and Calder, Brad},
  title = {Recording Shared Memory Dependencies Using Strata},
}

@inproceedings{ttvm,
  crossref = {usenix-atc05},
  author = {Samuel T. King and George W. Dunlap and Peter M. Chen},
  title = {Debugging operating systems with time-traveling virtual machines},
}

@inproceedings{idna,
  crossref = {vee06},
  author = {Bhansali, Sanjay and Chen, Wen-Ke and de Jong, Stuart and Edwards, Andrew and Murray, Ron and Drini\'{c}, Milenko and Miho\v{c}ka, Darek and Chau, Joe},
  title = {Framework for Instruction-level Tracing and Analysis of Program Executions},
}

@inproceedings{sato11,
  crossref = {cf11},
  author = {Sato, Yukinori and Inoguchi, Yasushi and Nakamura, Tadao},
  title = {On-the-fly Detection of Precise Loop Nests Across Procedures on a Dynamic Binary Translation System},
}

@inproceedings{mapbox,
  crossref = {usenix-sec00},
  author = {Anurag Acharya and Mandar Raje},
  title = {{MAPbox}: Using Parameterized Behavior Classes to Confine Applications},
}

@inproceedings{rrmpi,
  crossref = {parco99},
  author = {Michiel Ronsse and Koenraad De Bosschere and Jacques Chassin de Kergommeaux},
  title = {Execution replay for an MPI-based multi-threaded runtime system},
}

@inproceedings{dmtcp,
  crossref = {ipdps09},
  author = {Jason Ansel and Kapil Arya and Gene Cooperman},
  title = {{DMTCP}: Transparent Checkpointing for Cluster Computations and the Desktop},
}

@inproceedings{pinplay,
  crossref = {gco10},
  author = {Patil, Harish and Pereira, Cristiano and Stallcup, Mack and Lueck, Gregory and Cownie, James},
  title = {PinPlay: A Framework for Deterministic Replay and Reproducible Analysis of Parallel Programs},
}

@inproceedings{dieter01,
  crossref = {usenix-atc01},
  author = {Dieter, William R. and Lumpp,Jr., James E.},
  title = {User-Level Checkpointing for LinuxThreads Programs},
}

@inproceedings{warrender99,
  crossref = {ieee-sp99},
  author = {Warrender, C. and Forrest, S. and Pearlmutter, B.},
  title = {Detecting intrusions using system calls: alternative data models},
}

%------------------------------- Books -----------------------------%

@Book{brooks:man-month,
   author =       "Frederick P. Brooks",
   title =        "The Mythical Man-Month: Essays on Software Engineering",
   publisher =    "Addison-Wesley",
   year =         1975,
}

@Book{liskov,
   author =       "Barbara Liskov and John Guttag",
   title =        "Program Development in Java",
   publisher =    "Addison-Wesley Professional",
   year =         2001,
}

@Book{tanenbaum:osdi,
   author =     "Andrew S Tanenbaum and Albert S Woodhull",
   title =       "Operating Systems Design and Implementation",
   publisher =   "Prentice Hall, 3rd edition",
   year =        2006
}

@Book{CLRS,
   author =       "Thomas H. Cormen and Charles E. Leiserson and Ronald L. Rivest and Cliff Stein",
   title  =       "Introduction to Algorithms",
   publisher =    "MIT Press/McGraw Hill",
   year      =    2001,
   series    =    "The MIT Electrical Engineering and Computer Science Series"
}

@Book{godefroid96partialorder,
   author = "Patrice Godefroid",
   title = "Partial-order methods for the verification of concurrent systems: an approach to the state-explosion problem",
   volume = "1032",
   publisher = "Springer-Verlag Inc.",
   address = "New York, NY, USA",
   isbn = "3-540-60761-7 (Berlin softcover)",
   pages = "142",
   year = "1996",
   url = "citeseer.ist.psu.edu/godefroid95partialorder.html" 
}

@Book{Eiffel,
   author = "Bertrand Meyer",
   title  = "Eiffel: The Language",
   year =         1992,
   publisher =    "Prentice Hall",
   address =      "New York, NY",
   isbn =         "0-13-247925-7",
   edition =      1
}

@Book{clarke:ModelChecking,
   author = "E.M. Clarke and O. Grumberg and D. Peled",
   title = "Model Checking",
   publisher = "MIT Press",
   year = 1999,
}

@Book{mcmillan:smv,
   author = "McMillan K.",
   title = "Symbolic Model Checking",
   publisher = "Kluwer Academic Publishers",
   year = "1993"
}

@Book{zeller:debugging,
   author = "Andreas Zeller",
   title = "Why Programs Fails: A Guide to Systematic Debugging",
   publisher = "Morgan Kaufman",
   year = "2005"
}

@Book{johnson:distributions,
   author = "Norman Lloyd Johnson and Adrienne W. Kemp and Samuel Kotz",
   title = "Univariate discrete distributions",
   publisher = "Wiley-Blackwell",
   year = "2005"
}

@Book{hadoop,
   author = {White, Tom},
   title = {Hadoop: The Definitive Guide},
   publisher = {O'Reilly Media},
   year = {2009},
   edition = {1st},
   isbn = {978-0-596-52197-4},
}

@Book{dragon-book,
   author = {Aho, Alfred V. and Lam, Monica S. and Sethi, Ravi and Ullman, Jeffrey D.},
   edition = {2nd},
   howpublished = {Hardcover},
   isbn = {0321486811},
   publisher = {Addison Wesley},
   title = {{Compilers: Principles, Techniques, and Tools}},
   year = {2006}
}

@Book{norvig:ai,
   author = "Stuart J. Russell and Peter Norvig",
   title = "Artificial Intelligence - A Modern Approach",
   publisher = "Pearson Education",
   year = "2003"
}

@Book{nielson:programanalysis,
   author = "Nielson, Flemming and Nielson, Hanne R. and Hankin, Chris",
   title = "Principles of Program Analysis",
   publisher = "Springer Publishing Company, Incorporated",
   year = "2010"
}

@Book{xp-explained,
   author = "Kent Beck",
   title = "Extreme Programming Explained: Embrace Change",
   publisher = "Addison Wesley",
   year = "1999"
}

@Book{dijkstra:wp,
   author = "E. W. Dijkstra",
   title = "A Discipline of Programming",
   publisher = "Prentice Hall",
   year = "1976"
}

@Book{biere2009handbook,
  title={Handbook of satisfiability},
  author={Biere, Armin},
  volume={185},
  year={2009},
  publisher={Ios PressInc}
}

@Book{spitzner:honeypots,
  title = {Honeypots: Tracking Hackers},
  author = {Lance Spitzner},
  publisher = {Addison-Wesley Professional},
  year = {2002},
}

@Book{provos:honeypots,
  title = {Virtual Honeypots: From Botnet Tracking to Intrusion Detection},
  author = {Niels Provos and Thorsten Holz},
  publisher = {Addison-Wesley Professional},
  year = {2007},
}

@Book{fowler:refactoring,
   author = {Martin Fowler and Kent Beck and John Brant and William Opdyke and Don Roberts},
   title = {Refactoring: Improving the Design of Existing Code},
   publisher = {Addison-Wesley},
   year = {1999},
}

@InBook{avizienis:nvp,
  crossref = {fault-tolerance},
  author = {Algirdasi A. Avi\v{z}ienis},
  chapter = {The Methodology of N-Version Programming},
  pages = {23--46},
}

@InBook{randell:rb,
  crossref = {fault-tolerance},
  author = {Briand Randell and Jie Xu},
  chapter = {The Evolution of the Recovery Block Concept},
  pages = {1--22},
}

@Book{fault-tolerance,
  editor = {Michael R. Luy},
  title = {Software Fault Tolerance},
  publisher = {John Wiley \& Sons},
  year = {1995}
}

@Book{erickson:hacking,
  author = {Jon Erickson},
  title = {Hacking: The Art of Exploitation},
  publisher = {No Starch Press},
  year = {2008},
}

@InBook{erickson:hacking-networking,
  crossref = {erickson:hacking},
  chapter = {0x400 Networking},
  pages = {195--280},
}

%----------------- Journal Articles ------------------%

@Article{card:human_proc,
   author = {Stuart Card and Thomas Moran and Allen Newell},
   title = {The model human processor: an engineering model for human performance},
   journal = {Handbook of Perception and Human Performance},
   publisher = {Wiley},
   volume = {2},
   chapter = {45},
   pages = {1--35},
   year = {1986},
}


@Article{clarke:ansi-c-sat-predicate-abstraction,
   author    = { Clarke, Edmund
                 and Kroening, Daniel
                 and Sharygina, Natasha
                 and Yorav, Karen },
   title     = { Predicate Abstraction of {ANSI--C} Programs using {SAT} },
   year      = { 2004 },
   pages     = { 105--127 },
   journal   = { Formal Methods in System Design (FMSD) },
   volume    = { 25 },
   month     = { September--November },
}


@Article{zeller:mozilla,
   crossref = {ieee-tse},
   author = {Zeller, Andreas and Hildebrandt, Ralf},
   title = {Simplifying and Isolating Failure-Inducing Input},
   volume = {28},
   number = {2},
   year = {2002},
   issn = {0098-5589},
   pages = {183--200},
   doi = {http://dx.doi.org/10.1109/32.988498},
   publisher = {IEEE Press},
   address = {Piscataway, NJ, USA},
}

% fixes are more likely to introduce failures than other types of changes
@Article{mockus:sw-changes,
    author = {Mockus, Audris and Weiss, David M.},
    citeulike-article-id = {2719241},
    issn = {1538-7305},
    journal = {Bell Labs Technical Journal},
    number = {2},
    pages = {169--180},
    priority = {2},
    title = {Predicting risk of software changes},
    volume = {5},
    year = {2000}
}

@Article{NelsonOppen,
   crossref = {acm-toplas},
   author= "G. Nelson and D. Oppen",
   title= {{Simplification by cooperating decision procedures}},
   volume="1",
   number="2",
   pages="245-57",
   year="1979"
}

@Article{DJgraphs,
  crossref = {acm-toplas},
  author = {Sreedhar, Vugranam C. and Gao, Guang R. and Lee, Yong-Fong},
  title = {Identifying Loops Using DJ Graphs},
  volume = {18},
  number = {6},
  month = nov,
  year = {1996},
  issn = {0164-0925},
  pages = {649--658},
  numpages = {10},
}

@Article{ferguson:chain,
   crossref = {acm-tosem},
   author = {Roger Ferguson and Bogdan Korel},
   title = {The chaining approach for software test data generation},
   volume = {5},
   number = {1},
   year = {1996},
   issn = {1049-331X},
   pages = {63--86},
   doi = {http://doi.acm.org/10.1145/226155.226158},
   publisher = {ACM Press},
}

@Article{CC92,
  author =       {Cousot, P. and Cousot, R.},
  title =        {Abstract Interpretation frameworks},
  journal =      {Journal of Logic and Computation},
  year =         {1992},
  number =       {2},
  pages =        {511-547},
}

@Article{valgrind2003,
  author      = {Nicholas Nethercote and Julian Seward},
  title       = {Valgrind: A Program Supervision Framework},
  journal     = {Electronic Notes in Theoretical Computer Science},
  volume      = 89,
  number      = 2,
  year        = 2003,
  summary     = {Overview of Valgrind, concentrating on core and core/skin
                 interface.  A little bit of Memcheck as an example skin.
                 Has some performance figures for some SPEC2000 benchmarks.},
}

@Article{intrinsa:PREfix2,
   crossref = {spe},
   author = "William R. Bush and Jonathan D. Pincus and David J. Sielaff",
   title = "A static analyzer for finding dynamic programming errors",
   volume = "30",
   number = "7",
   pages = "775-802",
   year = "2000"
}

@Article{ holzmann97model,
  author = "Gerard J. Holzmann",
  title = "The Model Checker {SPIN}",
  journal = "Software Engineering",
  volume = "23",
  number = "5",
  pages = "279-295",
  year = "1997"
}

@Article{yichen:redundant,
  author = {Yichen Xie and Dawson Engler},
  title = {Using redundancies to find errors},
  journal = {ACM SIGSOFT Software Engineering Notes},
  volume = {27},
  number = {6},
  year = {2002},
  issn = {0163-5948},
  pages = {51--60},
  doi = {http://doi.acm.org/10.1145/605466.605475},
  publisher = {ACM Press},
  address = {New York, NY, USA},
}

@Article{miller90fuzz,
    crossref = {cacm},
    author = "Barton P. Miller and Lars Fredriksen and Bryan So",
    title = "An empirical study of the reliability of {UNIX} utilities",
    volume = "33",
    number = "12",
    pages = "32--44",
    year = "1990"
}

@Article{boyer75,
    author = "Robert S. Boyer and Bernard Elspas and Karl N. Levitt",
    title = "{SELECT} -- A formal system for testing and debugging programs by symbolic execution",
    journal = "ACM SIGPLAN Notices",
    volume = "10",
    number = "6",
    pages = "234--245",
    year = "1975"
}

@Article{king76,
    crossref = {cacm},
    author = "James C. King",
    title = "Symbolic execution and program testing",
    volume = "19",
    number = "7",
    pages = "385-394",
    optmonth = jul,
    year = "1976"
}

@Article{clarke-attest,
   crossref = {ieee-tse},
   author = {Clarke, L. A.},
   title = {A System to Generate Test Data and Symbolically Execute Programs},
   volume = {2},
   number = {3},
   year = {1976},
   issn = {0098-5589},
   pages = {215--222},
   doi = {http://dx.doi.org/10.1109/TSE.1976.233817},
}

@Article{casegen,
   crossref = {ieee-tse},
   author = {C.V. Ramamoorthy and S.-B.F. Ho and W.T. Chen},
   title = {On the Automated Generation of Program Test Data},
   volume = {2},
   number = {4},
   issn = {0098-5589},
   year = {1976},
   pages = {293-300},
   doi = {http://doi.ieeecomputersociety.org/10.1109/TSE.1976.233835},
}

@Article{dissect,
   crossref = {ieee-tse},
   author = {W.E. Howden},
   title = {Symbolic Testing and the {DISSECT} Symbolic Evaluation System},
   volume = {3},
   number = {4},
   issn = {0098-5589},
   year = {1977},
   pages = {266-278},
   doi = {http://doi.ieeecomputersociety.org/10.1109/TSE.1977.231144},
}

@Article{smotl,
   crossref = {ieee-tse},
   title={SMOTL—A System to Construct Samples for Data Processing Program Debugging},
   author={Bicevskis, J. and Borzovs, J. and Straujums, U. and Zarins, A. and Miller, E.F., Jr.},
   year={1979},
   month=jan,
   volume={SE-5},
   number={1},
   pages={ 60-66},
   keywords={null Analysis of programs, program testing, program validation, symbolic execution, test data generation},
   ISSN={0098-5589}, 
}

@Article{Chaining,
  crossref = {acm-tosem},
  author = {Roger Ferguson and Bogdan Korel},
  title = {The chaining approach for software test data generation},
  volume = {5},
  number = {1},
  year = {1996},
  issn = {1049-331X},
  pages = {63--86},
  doi = {http://doi.acm.org/10.1145/226155.226158},
  publisher = {ACM Press},
}

@Article{Korel, 
   crossref = {ieee-tse},  
   author = {B. Korel},
   title = {Automated Software Test Data Generation},
   volume = 16,
   number = 8,
   year = 1990,
   issn = {0098-5589},
   pages = {870--879},
   doi = {http://dx.doi.org/10.1109/32.57624},
   publisher = {IEEE Press},
}

@Article{pargas:genetic,
   crossref = {stvr},
   author = {R P Pargas and M J Harrold and R R Peck},
   title = {Test-data generation using genetic algorithms},
   volume = 9,
   number = 4,
   pages = {263--282},
   year = 1999,
   publisher = {John Wiley and Sons},
}

@article{Feldt:IEE:1998,
  author =    "Robert Feldt",
  title =     "Generating Diverse Software Versions with Genetic
               Programming: {A}n Experimental Study",
  journal =   "IEE Proceedings -- Software",
  pages =     {228--236},
  volume =    145,
  number =    6,
  year =      1998,
}

@Article{selfcheckcircuits,
   author = {D. A. Anderson and G. Metze},
   title = {Design of Totally Self-Checking Check Circuits for m-Out-of-n Codes},
   journal = {IEEE Transactions on Computers},
   volume = {C-22},
   year = {1973},
   pages = {263--269},
}

@Article{avizienis:n-version,
   crossref = {ieee-tse},
   author = {Avizienis, A.},
   title = {The N-Version Approach to Fault-Tolerant Software},
   volume = {11},
   month = {December},
   year = {1985},
   pages = {1491--1501},
} 

@Article{weiser:slicing,
  crossref = {ieee-tse},
  author    = {Mark Weiser},
  title     = {Program Slicing},
  volume    = {10},
  number    = {4},
  year      = {1984},
  pages     = {352--357},
}

@Article{gupta:slicing-testing,
    crossref = {stvr},
    author = {Rajiv Gupta and Mary Jean Harrold and Mary Lou Soffa},
    title = {Program Slicing-Based Regression Testing Techniques},
    year = {1996},
    volume = {6},
    pages = {83--112}
}

@Article{harrold:test-redundancy,
    crossref = {acm-tosem},
    author = {Mary Jean Harrold and Clemson Unwersity and Rajiv Gupta and Mary Lou Soffa},
    title = {A methodology for controlling the size of a test suite},
    year = {1993},
    volume = {2},
    pages = {270--285}
}

@Article{op2,
  author    = {Mike B. Giles and Gihan R. Mudalige and
               Z. Sharif and Graham R. Markall and Paul H. J. Kelly},
  title     = {Performance analysis of the {OP2} framework on many-core architectures},
  journal   = {SIGMETRICS Performance Evaluation Review},
  volume    = {38},
  number    = {4},
  year      = {2011},
  pages     = {9-15},
  ee        = {http://doi.acm.org/10.1145/1964218.1964221},
  bibsource = {DBLP, http://dblp.uni-trier.de}
}

% journal = {Int. J. Parallel Program.},
@Article{embedded:verif,
  author = {Currie, David and Feng, Xiushan and Fujita, Masahiro and Hu, Alan J. and Kwan, Mark and Rajan, Sreeranga},
  title = {Embedded software verification using symbolic execution and uninterpreted functions},
  journal = {International Journal of Parallel Programming},
  volume = {34},
  number = {1},
  year = {2006},
  pages = {61--91},
}

@Article{orchestra11,
   crossref = {ieee-tdsc},
   author = {Salamat, Babak and Jackson, Todd and Wagner, Gregor and Wimmer, Christian and Franz, Michael},
   title = {Run-Time Defense against Code Injection Attacks using Replicated Execution},
   volume = {8},
   issue = {4},
   year = {2011},
   pages = {588-601},
}

@article{shye2009,
   crossref = {ieee-tdsc},
   author = {Shye, Alex and Blomstedt, Joseph and Moseley, Tipp and Reddi, Vijay Janapa and Connors, Daniel A.},
   title = {{PLR: A Software Approach to Transient Fault Tolerance for Multicore Architectures}},
   volume = {6},
   issue = {2},
   year = {2009},
   pages = {135--148},
}

@Article{manysat,
    crossref = {jsat},
    author = {Youssef Hamadi and Lakhdar Sais},
    title = {Many{SAT}: a parallel {SAT} solver},
    year = {2009},
    volume = {6},
    pages = {245--262},
}

@Article{satzilla08,
    crossref = {jair},
    author = {Xu, Lin and Hutter, Frank and Hoos, Holger H. and Leyton-Brown, Kevin},
    title = {{SATzilla}: portfolio-based algorithm selection for {SAT}},
    year = 2008,
    volume = {32},
    number = {1},
    pages = {565--606},
} 


@Article{exec-trans06,
    crossref = {ijis},
    author = {Stelios Sidiroglou and Angelos D. Keromytis},
    title = {Execution Transactions for Defending Against Software Failures: Use and Evaluation},
    year = {2006},
    volume = {5},
    number = {2},
    pages = {77--91},
}

@Article{memory-pools,
    crossref =  {cacm},
    author = {Ross, Douglas T.},
    title = {The {AED} free storage package},
    volume = {10},
    issue = {8},
    month = aug,
    year = {1967},
    pages = {481--492},
    numpages = {12},
    publisher = {ACM},
} 

@Article{cp-miner06,
    crossref = {ieee-tse},
    author = {Zhenmin Li and Shan Lu and Suvda Myagmar and Yuanyuan Zhou},
    title = {CP-Miner: Finding Copy-Paste and Related Bugs in Large-Scale Software Code},
    year = {2006},
    volume = {32},
    pages = {176--192}
}

@Article{barroso2007,
  author = {Barroso, Luiz Andr\'{e} and H\"{o}lzle, Urs},
  title = {The Case for Energy-Proportional Computing},
  journal = {Computer},
  volume = {40},
  issue = {12},
  year = {2007},
  pages = {33--37},
  numpages = {5},
  publisher = {IEEE Computer Society Press},
  address = {Los Alamitos, CA, USA},
}

@Article{bintransl,
   crossref = {cacm},
   author = {Sites, Richard L. and Chernoff, Anton and Kirk, Matthew B. and Marks, Maurice P. and Robinson, Scott G.},
   title = {Binary translation},
   volume = {36},
   issue = {2},
   year = {1993},
   pages = {69--81},
   numpages = {13},
   publisher = {ACM},
   address = {New York, NY, USA},
}

@article{GodefroidKurshidGenetic04,
   author = {Godefroid, Patrice and Khurshid, Sarfraz},
   title = {Exploring very large state spaces using genetic algorithms},
   journal = {Int. J. Softw. Tools Technol. Transf.},
   volume = {6},
   number = {2},
   month = aug,
   year = {2004},
   pages = {117--127},
   publisher = {Springer-Verlag},
   address = {Berlin, Heidelberg},
} 


@Article{Rothermel96analyzingregression,
    crossref = {ieee-tse},
    author = {Gregg Rothermel and Mary Jean Harrold},
    title = {Analyzing Regression Test Selection Techniques},
    year = {1996},
    volume = {22}
}

@Article{RegrTestingChanges03,
    crossref = {stvr},
    author = {Sebastian Elbaum and Praveen Kallakuri and Alexey G. Malishevsky and Gregg Rothermel and Satya Kanduri},
    title = {Understanding the Effects of Changes on the Cost-Effectiveness of Regression Testing Techniques},
    year = {2003},
    volume = {12}
}

@Article{TestGenSimAnnealing,
    crossref = {empsweng},
    author = {Waeselynck, H{\'e}l\`{e}ne and Th{\'e}venod-Fosse, Pascale and Abdellatif-Kaddour, Olfa},
    title = {Simulated annealing applied to test generation: landscape characterization and stopping criteria},
    year = {2007},
    volume = {12}
}

@article{Li:RegPri07,
 crossref = {ieee-tse},
 author = {Li, Zheng and Harman, Mark and Hierons, Robert M.},
 title = {Search Algorithms for Regression Test Case Prioritization},
 year = {2007},
 volume = {33},
 number = {4}
}

@article{fluri:scc,
  crossref = {ieee-tse},
  author = {Fluri, Beat and Wuersch, Michael and PInzger, Martin and Gall, Harald},
  title = {Change Distilling: Tree Differencing for Fine-Grained Source Code Change Extraction},
  volume = {33},
  number = {11},
  year = {2007},
} 

@article{Binkley:RegReduction,
 crossref = {ieee-tse},
 author = {Binkley, David},
 title = {Semantics Guided Regression Test Cost Reduction},
 volume = {23},
 number = {8},
 year = {1997},
}

@article{back-to-back90,
    crossref = {ist},
    author = {Mladen A. Vouk},
    title = {Back-to-back testing},
    volume = 32,
    issue = 1,
    year = 1990,
    month = jan # "-" # feb,
    pages = {34--45},
}

@article{Pasareanu2009,
    Author = {P{\u{a}}s{\u{a}}reanu, Corina S. and Visser, Willem},
    Issn = {1433-2779},
    Journal = {International Journal on Software Tools for Technology Transfer},
    Month = aug,
    Number = {4},
    Pages = {339--353},
    Title = {{A survey of new trends in symbolic execution for software testing and analysis}},
    Volume = {11},
    Year = {2009},
}

@article{smt:cacm11,
    crossref = {cacm},
    author = {De Moura, Leonardo and Bj{\o}rner, Nikolaj},
    title = {Satisfiability modulo theories: introduction and applications},
    volume = {54},
    number = {9},
    optmonth = sep,
    year = {2011},
    month = sep,
    pages = {69--77},
} 

@article{symex:cacm,
    crossref = {cacm},
    author = {Cadar, Cristian and Sen, Koushik},
    title = {Symbolic execution for software testing: three decades later},
    volume = {56},
    number = {2},
    optmonth = feb,
    year = {2013},
    pages = {82--90},
} 

@article{sbseregeneration,
    crossref = {stvr},
    author = {Shin Yoo and Mark Harman},
    title = {Test data regeneration: generating new test data from existing test data},
    volume = {22},
    number = {3},
    optmonth = may,
    year = {2012},
    pages = {171--201},
} 

@article{bqueue,
  crossref = {ijpp},
  author = {Junchang Wang and Kai Zhang and Xinan Tang and Bei Hua},
  title = {B-Queue: Efficient and Practical Queueing for Fast Core-to-Core Communication},
  volume = {41},
  number = {1},
  optmonth = feb,
  year = {2013},
  pages = {137--159},
}

@article{regexp,
  crossref = {cacm},
  author = {Ken Thompson},
  title = {Regular expression search algorithm},
  volume = {11},
  number = {6},
  optmonth = jun,
  year = {1968},
  pages = {419--422},
}

@article{aop-survey,
  crossref = {acm-csur},
  author    = {Gregor Kiczales},
  title     = {Aspect-Oriented Programming},
  volume    = {28},
  number    = {4es},
  year      = {1996},
}


@article{KimNGW13,
  crossref = {ieee-tse},
  author    = {Miryung Kim and
               David Notkin and
               Dan Grossman and
               Gary Wilson Jr.},
  title     = {Identifying and Summarizing Systematic Code Changes via
               Rule Inference},  
  volume    = {39},
  number    = {1},
  year      = {2013},
  pages     = {45-62},
}

@article{maintenance-survey78,
  crossref = {cacm},
  author = {Lientz, B. P. and Swanson, E. B. and Tompkins, G. E.},
  title = {Characteristics of application software maintenance},
  volume = {21},
  number = {6},
  optmonth = jun,
  year = {1978},
  pages = {466--471},
}

@Article{maintenance-empirical03,
    crossref = {empsweng},
    author = {Schach, Stephen R. and Jin, Bo and Yu, Liguo and Heller, Gillian Z. and Offutt, Jeff},
    title = {Determining the Distribution of Maintenance Categories: Survey Versus Measurement},
    year = {2003},
    optmonth = dec,
    volume = {8},
    number = {4},
    pages = {351--365}
}

@Article{staged-model,
  author = {Rajlich, V\'{a}clav T. and Bennett, Keith H.},
  title = {A Staged Model for the Software Life Cycle},
  journal = {Computer},
  volume = {33},
  number = {7},
  optmonth = jul,
  year = {2010},
  pages = {66--71},
  numpages = {6},
  publisher = {IEEE Computer Society Press},
  address = {Los Alamitos, CA, USA},
}

@Article{sir:2005,
  crossref = {empsweng},
  author = {Do, Hyunsook and Elbaum, Sebastian and Rothermel, Gregg},
  title = {Supporting Controlled Experimentation with Testing Techniques: An Infrastructure and Its Potential Impact},
  volume = {10},
  number = {4},
  month = oct,
  year = {2005},
  issn = {1382-3256},
  pages = {405--435},
  numpages = {31},
  OPTpublisher = {Kluwer Academic Publishers},
}

@Article{coevol:emse11,
  crossref = {empsweng},
  author = {Andy Zaidman and Bart Van Rompaey and Arie van Deursen and Serge Demeyer},
  title = {Studying the co-evolution of production and test code in open source and industrial developer test processes through repository mining},
  year = {2011},
  volume = {16},
  number = {3},
  pages = {325--364}
}

@Article{cov_regr97, 
  crossref = {ieee-tse},
  author={Rosenblum, D.S. and Weyuker, E.J.}, 
  title={Using coverage information to predict the cost-effectiveness of regression testing strategies}, 
  year={1997}, 
  volume={23}, 
  number={3}, 
  pages={146-156}, 
}

@Article{mutation-tests-oracle12, 
  crossref = {ieee-tse},
  author={Fraser, G. and Zeller, A.}, 
  title={Mutation-Driven Generation of Unit Tests and Oracles}, 
  year={2012}, 
  volume={38}, 
  number={2}, 
  pages={278-292}, 
}

@Article{classifying-changes:tse07,
  crossref = {ieee-tse},
  author = {Kim, Sunghun and Whitehead,Jr., E. James and Zhang, Yi},
  title = {Classifying Software Changes: Clean or Buggy?},
  year = {2008},
  volume = {34},
  number = {2},
  month = mar,
  issn = {0098-5589},
  pages = {181--196},
  numpages = {16},
}

@Article{hungarian,
  author = {Harold W. Kuhn},
  title = {The Hungarian Method for the assignment problem},
  journal = {Naval Research Logistics Quarterly},
  year = 1955,
  volume = 2,
  pages = {83--97},
}

@Article{cosinesimilarity,
  author = {Amit Singhal},
  title = {Modern information retrieval: a brief overview},
  journal = {Bulletin of the {IEEE} Computer Society Technical Committee on Data Engineering},
  year = 2001,
  volume = 24,
  pages = {35--43},
}

@article{ROP:tissec12,
   crossref = {acm-tissec},
   author = {Roemer, Ryan and Buchanan, Erik and Shacham, Hovav and Savage, Stefan},
   title = {Return-Oriented Programming: Systems, Languages, and Applications},
   issue_date = {March 2012},
   volume = {15},
   number = {1},
   month = mar,
   year = {2012},
   pages = {2:1--2:34},
   articleno = {2},
   numpages = {34},
} 

@Article{sbstsurvey:stvr,
  crossref = {stvr},
  author = {Phil McMinn},
  title = {Search-Based Software Test Data Generation: A Survey},
  volume = 14,
  number = 2,
  pages = {105--156},
  month = jun,
  year = 2004
}

@InCollection{tf-idf,
  author = {Sparck Jones, Karen},
  chapter = {A Statistical Interpretation of Term Specificity and Its Application in Retrieval},
  title = {Document Retrieval Systems},
  year = 1988,
  isbn = {0-947568-21-2},
  pages = {132--142},
  numpages = {11},
}

@InCollection{OpenMPI:2004,
  author={Gabriel, Edgar and Fagg, GrahamE. and Bosilca, George and Angskun, Thara and Dongarra, JackJ. and Squyres, JeffreyM. and Sahay, Vishal and Kambadur, Prabhanjan and Barrett, Brian and Lumsdaine, Andrew and Castain, RalphH. and Daniel, DavidJ. and Graham, RichardL. and Woodall, TimothyS.},
title={Open MPI: Goals, Concept, and Design of a Next Generation MPI Implementation},
  booktitle={Recent Advances in Parallel Virtual Machine and Message Passing Interface},
  volume={3241},
  series={Lecture Notes in Computer Science},
  pages={97-104},
  year={2004},
}

@Article{remus,
  crossref = {acm-tissec},
  author = {Bernaschi, Massimo and Gabrielli, Emanuele and Mancini, Luigi V.},
  title = {Remus: A Security-enhanced Operating System},
  volume = {5},
  number = {1},
  month = feb,
  year = {2002},
  issn = {1094-9224},
  pages = {36--61},
  numpages = {26},
}

@Article{syscall-seq,
  crossref = {jcs},
  author = {Hofmeyr, Steven A. and Forrest, Stephanie and Somayaji, Anil},
  title = {Intrusion Detection Using Sequences of System Calls},
  volume = {6},
  number = {3},
  month = aug,
  year = {1998},
  issn = {0926-227X},
  pages = {151--180},
  numpages = {30},
}

@Article{knight86,
  crossref = {ieee-tse},
  author = {John C. Knight and Nancy G. Leveson},
  title = {An Experimental Evaluation of the Assumption of Independence in Multiversion Programming},
  volume = {12},
  number = {1},
  month = jan,
  year = {1986},
  issn = {0098-5589},
  pages = {96--109},
  numpages = {14},
}

@Article{knight90,
  crossref = {sen},
  author = {John C. Knight and Nancy G. Leveson},
  title = {A Reply to the Criticisms of the Knight \&Amp; Leveson Experiment},
  volume = {15},
  number = {1},
  month = jan,
  year = {1990},
  issn = {0163-5948},
  pages = {24--35},
  numpages = {12},
}

@Article{lui01,
  crossref = {ieee-soft},
  author = {Sha, Lui},
  title = {Using Simplicity to Control Complexity},
  volume = {18},
  number = {4},
  month = jul,
  year = {2001},
  issn = {0740-7459},
  pages = {20--28},
  numpages = {9},
}

@Article{eckhardt89,
  crossref = {jss},
  author = {Eckhardt, Dave E. and Lee, Larry D.},
  title = {Fundamental Differences in the Reliability of N-modular Redundancy and Redundancy and N-version Programming},
  volume = {8},
  number = {4},
  month = sep,
  year = {1988},
  issn = {0164-1212},
  pages = {313--318},
  numpages = {6},
}

@Article{brilliant90,
  crossref = {ieee-tse},
  author = {Brilliant, S.S. and Knight, J.C. and Leveson, N.G.}, 
  title = {Analysis of faults in an N-version software experiment}, 
  year = {1990}, 
  month = {Feb}, 
  volume = {16}, 
  number = {2}, 
  pages = {238-247}, 
}

@Article{lamport78,
  crossref = {cacm},
  author = {Leslie Lamport},
  title = {Time, clocks, and the ordering of events in a distributed system},
  volume = {21},
  number = {7},
  month = jul,
  year = {1978},
  issn = {0001-0782},
  pages = {558--565},
  numpages = {8},
}

@Article{schulte14,
  crossref = {gpem},
  author = {Schulte, Eric and Fry, Zachary P. and Fast, Ethan and Weimer, Westley and Forrest, Stephanie},
  title = {Software Mutational Robustness},
  volume = {15},
  number = {3},
  month = sep,
  year = {2014},
  issn = {1389-2576},
  pages = {281--312},
  numpages = {32},
}

@article{recplay,
  crossref = {acm-tocs},
  author = {Ronsse, Michiel and De Bosschere, Koen},
  title = {{RecPlay}: A Fully Integrated Practical Record/Replay System},
  volume = {17},
  number = {2},
  month = may,
  year = {1999},
  issn = {0734-2071},
  pages = {133--152},
  numpages = {20},
}

@article{leblanc,
  crossref = {ieee-tc},
  author = {LeBlanc, T.J. and Mellor-Crummey, J.M.},
  title = {Debugging Parallel Programs with Instant Replay},
  year = {1987},
  month = apr,
  volume = {C-36},
  number = {4},
  pages = {471--482},
  issn = {0018-9340},
}

@article{havlak,
  crossref = {acm-toplas},
  author = {Havlak, Paul},
  title = {Nesting of Reducible and Irreducible Loops},
  volume = {19},
  number = {4},
  month = jul,
  year = {1997},
  pages = {557--567},
  issn = {0164-0925},
  numpages = {11},
}

@article{unger:hil,
  crossref = {acm-toplas},
  author = {Unger, Sebastian and Mueller, Frank},
  title = {Handling Irreducible Loops: Optimized Node Splitting Versus DJ-graphs},
  volume = {24},
  number = {4},
  month = jul,
  year = {2002},
  issn = {0164-0925},
  pages = {299--333},
  numpages = {35},
}

@article{plank98,
  crossref = {ieee-tpds},
  author = {Plank, J.S. and Li, K. and Puening, M.A.},
  title = {Diskless checkpointing},
  year = {1998},
  month = {Oct},
  volume = {9},
  number = {10},
  pages = {972--986},
  doi = {10.1109/71.730527},
  issn = {1045-9219},
}

@article{helman97,
  crossref = {ieee-smc},
  author = {Helman, P. and Bhangoo, J.}, 
  title = {A statistically based system for prioritizing information exploration under uncertainty}, 
  year = {1997}, 
  month = {Jul}, 
  volume = {27}, 
  number = {4}, 
  pages = {449-466}, 
  doi = {10.1109/3468.594912}, 
  issn = {1083-4427},
}

%------------------ Theses --------------------------%

@PhDThesis{kim:mac,
  author = {Moonjoo Kim},
  title = {Information extraction for run-time formal analysis},
  school = {University of Pennsylvania},
  year = 2001,
}

@MastersThesis{herder:minix,
  author =      "Jorrit N. Herder",
  title =       "Towards a True Microkernel Operating System",
  school =      " Vrije Universiteit Amsterdam",
  year =        "2005",
}


%------------------ Manuals -------------------------%

@Manual{opencl11,
  author = {{Khronos OpenCL Working Group}},
  title = {The {OpenCL} Specification, version 1.1, revision 36},
  url = {http://khronos.org/registry/cl/specs/opencl-1.1.pdf},
  year = 2010,
  month = sep,
}

@manual{cuda30,
  author = {{NVIDIA}},
  title = {{NVIDIA} {CUDA} Programming Guide, Version 3.0},
  url = {http://www.nvidia.com/},
  year = 2010,
  month = feb,
}

@Manual{C99,
  organization = "International Organization for Standardization",
  title = "ISO/IEC~9899-1999: Programming Languages---C",
  month = dec,
  year = 1999
}


%-------------- Tech Reports, Unpublished Manuscripts -------------%

@TechReport{data-rand,
  author = {Cristian Cadar and Periklis Akritidis and Manuel Costa and and Jean-Phillipe Martin and Miguel Castro},
  title = {Data Randomization},
  institution = {Microsoft Research}, 
  number = {MSR-TR-2008-120},
  year = {2008},
  month = sep,
}

@TechReport{mx:tr2011,
  author = {Petr Hosek and Cristian Cadar},
  title = {Safe Software Updates via Multi-version Execution},
  institution = {Imperial College London},
  number = {DTR11-13},
  year = {2011},
  month = Nov,
}

@techreport{nist02,
    author = {Tassey, G.},
    citeulike-article-id = {3147576},
    institution = {National Institute of Standards and Technology},
    posted-at = {2008-08-22 09:10:23},
    priority = {2},
    title = {The economic impacts of inadequate infrastructure for software testing},
    year = {2002}
}

@TechReport{intrinsa:PREfix,
  author = "Intrinsa",
  title =  "A Technical Introduction to {PRE}fix/{E}nterprise",
  institution =         "Intrinsa Corporation",
  year =        "1998"
}

@TechReport{Rustan:ESCJava,
  author = "K. Rustan M. Leino and G. Nelson and J.B. Saxe",
  title = "{ESC}/{Java} User's Manual",
  institution = "Compaq Systems Research Center",
  month = oct,
  year = 2001,
  type = "Technical Note 2000-002"
}

@Unpublished{GBD05,
   author =      {Vijay Ganesh and Sergey Berezin and David L. Dill},
   title =       {A Decision Procedure for Fixed-width Bit-vectors},
   note =        {Unpublished Manuscript},
   OPTkey =      {},
   OPTmonth =    {},
   year =        {2005},
   OPTannote =   {}
}

@TechReport{softupdates,
  author =      " Gregory R. Ganger and Yale N. Patt.",
  title =       "Soft Updates: A Solution to the Metadata Update Problem in File Systems", 
  institution =         "University of Michigan",
  year =        "1995",
}

@TechReport{Alloy,
  author =       {Daniel Jackson},
  title =        {Alloy: {A} Lightweight Object Modelling Notation},
  institution =  {MIT/LCS},
  year =         2000,
  number =       797,
  keywords =     {specification, modelling},
  obtained =     {http://sdg.lcs.mit.edu/~dnj/publications.html}
}

@TechReport{ADL,
  author =       {Sriram Sankar and Roger Hayes},
  title =        {Specifying and Testing Software Components using ADL},
  institution =  {Sun Microsystems},
  year =         1994,
  number =       {TR-94-23}
}

@TechReport{JML,
    author = "Gary T. Leavens and Albert L. Baker and Clyde Ruby",
    title = "Preliminary Design of {JML}: {A} Behavioral Interface Specification Language for {Java}",
    number = "98-06i",
    institution= {Iowa State University},
    year = "2000",
    url = "citeseer.nj.nec.com/article/leavens99preliminary.html" 
}

@TechReport{MCDC,
    author = "Kelly J. Hayhurst and Dan S. Veerhusen and John J. Chilenski and Leanna K. Rierson",
    title = "A Practical Tutorial on Modified Condition/Decision Coverage",
    number = "NASA/TM-2001-210876",
    institution= {NASA},
    year = "2001",
}

@TechReport{miller95fuzz,
    author = "Barton Miller and David Koski and Cjin Pheow Lee and Vivekananda Maganty and Ravi Murthy and Ajitkumar Natarajan and Jeff Steidl",
    title = "Fuzz Revisited: {A} Re-examination of the Reliability of {UNIX} Utilities and Services",
    institution = {University of Wisconsin–Madison},
    year = "1995",
    url = "citeseer.ist.psu.edu/miller95fuzz.html" }

@TechReport{roc,
    author = {David Patterson and Aaron Brown and Pete Broadwell and George Candea and George C and Mike Chen and James Cutler and Armando and Patricia Enriquez and O Fox and David Oppenheimer and Emre Kcman and Matthew Merzbacher and Naveen Sastry and William Tetzlaff and Jonathan Traupman and Noah Treuhaft},
    title = {Recovery Oriented Computing (ROC): Motivation, Definition, Techniques, and Case Studies},
    institution = {UC Berkeley, Computer Science Dept.},
    year = {2002}
}

@TechReport{pnacl,
    author = {Alan Donovan and Robert Muth and Brad Chen and David Sehr},
    title = {{PNaCl}: Portable Native Client Executables},
    year = {2010},
    institution = {Google},
    type = {White paper},
    url = {http://src.chromium.org/viewvc/native_client/data/site/pnacl.pdf},
}

@TechReport{Slic,
    author = "Thomas Ball and Sriram K. Rajamani",
    title = "Slic: a Specification Language for Interface Checking (of {C})",
    number = "MSR-TR-2001-21",
    institution= "Microsoft Research",
    year = "2001",
    url = "http://research.microsoft.com/pubs/69906/tr-2001-21.pdf" 
}

@TechReport{disruptor,
  author = {Martin Thompson and Dave Farley and Michael Barker and Patricia Gee and Andrew Stewart},
  title = {Disruptor: High performance alternative to bounded queues for exchanging data between concurrent threads},
  year = {2011},
  institution = {LMAX},
  url = {http://lmax-exchange.github.io/disruptor/files/Disruptor-1.0.pdf},
}

@TechReport{janus,
  author = {David A. Wagner},
  title = {Janus: an Approach for Confinement of Untrusted Applications},
  year = {1999},
  number = {UCB/CSD-99-1056},
  institution = {University of California at Berkley},
  url = {http://www.eecs.berkeley.edu/Pubs/TechRpts/1999/5271.html},
}

@TechReport{tricky-futexes,
  author = {Ulrich Drepper},
  title = {Futexes Are Tricky},
  year = {2005},
  institution = {Red Hat, Inc.},
  url = {http://www.akkadia.org/drepper/futex.pdf},
}

@Unpublished{hatton97,
  author = {Les Hatton},
  title = {Are N average software versions better than 1 good version?},
  note = {Version 1.4},
  month = jan,
  year = {1997},
}

@techreport{dustm,
  author = {Lu\'is Pina and Joao Cachopo},
  title = {{DuSTM} -- Dynamic Software Upgrades using Software Transactional Memory},
  number = {32/2011},
  institution = {INESC-ID Lisboa},
  year = {2011},
}

@techreport{dynamicml,
  author = {Stephen Gilmore and Dilsun K\'irl\'i and Christopher Walton},
  title = {{Dynamic ML} without Dynamic Types},
  year = {1997},
}

@techreport{dowd08,
  author = {Mark Dowd},
  title = {Application-Specific Attacks: Leveraging the ActionScript Virtual Machine},
  year = {2008},
  month = apr,
  institution = {IBM Global Technology Services},
}

@TechReport{jaleel07,
  author = {Aamer Jaleel},
  title = {Memory Characterization of Workloads Using Instrumentation-Driven Simulation},
  year = {2007},
  institution = {Intel Corporation},
}

%------------- Proceedings ------------%

@Proceedings{CAV2004,
  editor    = {Rajeev Alur and Doron A. Peled},
  title     = {Computer Aided Verification, 16th International Conference, 
               CAV 2004, Boston, Massachusetts, USA, July 13-17, 2004, Proceedings},
  booktitle = {CAV},
  publisher = {Springer},
  series    = {Lecture Notes in Computer Science},
  year      = {2004},
}

@Proceedings{CAV2005,
  editor    = {Kousha Etessami and
               Sriram K. Rajamani},
  title     = {Computer Aided Verification, 17th International Conference,
               CAV 2005, Edinburgh, Scotland, UK, July 6-10, 2005, Proceedings},
  booktitle = {CAV},
  publisher = {Springer},
  series    = {Lecture Notes in Computer Science},
  volume    = {3576},
  year      = {2005},
  isbn      = {3-540-27231-3},
  bibsource = {DBLP, http://dblp.uni-trier.de}
}

@Proceedings{CAV2006,
   editor    = {Thomas Ball and
                Robert B. Jones},
   title     = {Computer Aided Verification, 18th International Conference,
                CAV 2006, Seattle, WA, USA, August 17-20, 2006, 
                Proceedings},
   booktitle = {CAV},
   publisher = {Springer},
   series    = {Lecture Notes in Computer Science},
   volume    = {4144},
   year      = {2006},
   isbn      = {3-540-37406-X},
   bibsource = {DBLP, http://dblp.uni-trier.de}
}

%--------------------------- Misc -------------------------%

@misc{clang,
   key = {{clang}: a {C} language family frontend for {LLVM}},
   title = {{clang}: a {C} language family frontend for {LLVM}},
   howpublished = {\url{http://clang.llvm.org/}}
}

@Misc{klee:website,
   key   =       {{KLEE} website},
   title =       {{KLEE} website},
   howpublished = {\url{http://klee.llvm.org}},
}
%   month =       {April},
%   year =        {2010},

@Misc{klee:pubs,
   key   =       {{KLEE}-related publications.},
   title =       {{KLEE}-related publications.},
   howpublished = {\url{http://klee.llvm.org/Publications.html}},
}


@Misc{llvm:website,
   key   =       {{LLVM} website},
   title =       {{LLVM} website},
   howpublished = {\url{http://llvm.org}}
}

@Misc{smtcomp,
   key   =       {{SMT-COMP} Competition 2006},
   title =       {{SMT-COMP} Competition 2006},
   howpublished = {\url{http://www.csl.sri.com/users/demoura/smt-comp}},
   month =       aug,
   year =        {2006},
}

@Misc{linux-sparse,
   key = {Sparse},
   title = {Sparse wiki}, 
   howpublished = {\url{https://sparse.wiki.kernel.org/index.php}},
}
%   month = {April},
%   year = {2010}


@Misc{ms-prefast,
   key = {{PREfast} Analysis Tool},
   title = {{PREfast} Analysis Tool},
   howpublished = {\url{msdn.microsoft.com/en-us/library/ms933794.aspx}},
}
%   month = {April},
%   year = {2010}

@Misc{fortify,
   key = {Fortify Software},
   title = {Fortify Software},
   howpublished = {\url{http://www.fortify.com}},
}
%   month = {April},
%   year = {2010}

@Misc{bugzilla-mozilla,
   key = {{Bugzilla@Mozilla}},
   title = {{Bugzilla@Mozilla}},
   howpublished = {\url{bugzilla.mozilla.org}},
}
%   month = {April},
%   year = {2010}

@Misc{mozilla-bugathon,
   key = {{Mozilla Gecko BugAThon}},
   title = {{Mozilla Gecko BugAThon}},
   howpublished = {\url{http://developer.mozilla.org/en/Gecko_BugAThon}},
}
%   month = {April},
%   year = {2010}

@Misc{ext3,
 key =   "{The ext2/ext3 File system}",
 title = "{The ext2/ext3 File system}",
 url = "http://e2fsprogs.sourceforge.net",
 howpublished = "\url{http://e2fsprogs.sf.net}",
}

@Misc{reiserfs,
 title = "{ReiserFS}",
 key = "ReiserFS",
 url = "http://www.namesys.com",
 howpublished = "\url{http://www.namesys.com}",
}

@Misc{jfs,
 key = "JFS", 
 title = "{JFS: The IBM Journaling File System for Linux}",
 url = "http://www-124.ibm.com/jfs",
 howpublished = "\url{http://www-124.ibm.com/jfs}",
}

@Misc{fstest,
  key = "Linux Test Project",
  title = "{Linux Test Project}",
  url = "http://ltp.sourceforge.net",
  howpublished = "\url{http://ltp.sf.net}",
}

@Misc{fsstress,
 key = "stress",
 title = "stress",
 url = "http://weather.ou.edu/~apw/projects/stress",
 howpublished = "\url{http://weather.ou.edu/~apw/projects/stress}",
}

@MISC{pcre:pcre,
  key =   {PCRE: Perl Compatible Regular Expressions},
  title = "{PCRE: Perl Compatible Regular Expressions}",
  howpublished = "\url{http://www.pcre.org}"
}

@MISC{pcre:cert,
  key="pcre",
  note = {PCRE Regular Expression Heap Overflow. US-CERT Cyber Security Bulletin SB05-334. \url{http://www.us-cert.gov/cas/bulletins/SB05-334.html\#pcre}.},
}

@Misc{macosx:disk-image,
  key = "Distributing Software With Internet-Enabled Disk Images",
  title = "Distributing Software With Internet-Enabled Disk Images",
  howpublished = "\url{developer.apple.com/documentation/DeveloperTools/Conceptual/SoftwareDistribution/Concepts/sd_disk_images.html}"
}

@Misc{linspire,
  key = "{Linspire - The World's Easiest Desktop Linux}",
  title = "{Linspire - The World's Easiest Desktop Linux}",
  howpublished = "\url{www.linspire.com}",
}

@Misc{user-mode-linux,
  key =   "{The User-mode Linux Kernel Home Page}",
  title = "{The User-mode Linux Kernel Home Page}",
  howpublished = "\url{user-mode-linux.sourceforge.net}"
}

@misc{seccomp:linux,
  key = {Securely renting out your {CPU} with {Linux}},
  title = {Securely renting out your {CPU} with {Linux}},
  howpublished = "\url{http://lwn.net/Articles/120647/}"
}

@misc{seccomp-bpf:linux,
  key = {Yet another new approach to seccomp},
  title = {Yet another new approach to seccomp},
  howpublished = "\url{http://lwn.net/Articles/475043/}"
}

@misc{seccompsandbox,
  key = {{Google Seccomp Sandbox for Linux}},
  title = {{Google Seccomp Sandbox for Linux}},
  howpublished = "\url{https://code.google.com/p/seccompsandbox/}"
}

@Misc{UML,
  author ={{Rational Inc}},
  title = {The Unified Modeling Language},
  howpublished ={\url{www.rational.com/uml}}
}

@MISC{wsmp3-webpage,
   key = "WsMp3 webpage",
   note = "{WsMp3 webpage}",
   howpublished = "\url{wsmp3.sourceforge.net/}"
}

@MISC{wsmp3-exploit1,
   key =  {WsMp3 exploit reported by Computer Associates}, 
   note = {WsMp3 exploit reported by Computer Associates},
   howpublished = "\url{www3.ca.com/securityadvisor/vulninfo/Vuln.aspx?ID=15609}"
}

@MISC{wsmp3-exploit2,
   key   = "{WsMp3 exploit reported by Secunia}",
   title = "{WsMp3 exploit reported by Secunia}",
   howpublished = "\url{secunia.com/product/801}"
}

@MISC{mutt-exploit,
   key   = "{Mutt exploit reported by Securiteam}",
   title = "{Mutt exploit reported by Securiteam}",
   howpublished = "\url{http://www.securiteam.com/unixfocus/5FP0T0U9FU.html}"
}

@MISC{gcov,
   key   = "{gcov -- A Test Coverage Program}",
   title = "{gcov -- A Test Coverage Program}",
   howpublished = "\url{gcc.gnu.org/onlinedocs/gcc/Gcov.html}"
}

@Misc{coverity,
 key = "{Coverity} software",
 title = "{Coverity} software",
 howpublished = "\url{http://www.coverity.com}",
}

@Misc{crest,
 key = "{CREST}: Automatic test generation tool for {C}",
 title = "{CREST}: Automatic test generation tool for {C}",
 howpublished = "\url{http://code.google.com/p/crest/}",
}

@MISC{png-exploit,
  key   = {PNG exploit. CERT VU\#388984},
  title = {PNG exploit. CERT VU\#388984},
  howpublished = "\url{scary.beasts.org/security/CESA-2004-001.txt}"
}

@MISC{apache,
  key   = "Apache Web Server",
  title = "Apache Web Server",
  howpublished = "\url{www.apache.org}"
}

@MISC{sendmail,
  key   = "Sendmail",
  title = "Sendmail",
  howpublished = "\url{www.sendmail.org}"
}

@MISC{edg,
  key   = "{EDG} {C}++ Comiler Front-End",
  title = "{EDG} {C}++ Comiler Front-End",
  author = "Edison Design Group",
  howpublished = "\url{www.edg.com}"
}

@MISC{lcc,
  key = "lcc: A Retargetable Compiler for {ANSI C}",
  title = "lcc: A Retargetable Compiler for {ANSI C}",
  author = "Chris Fraser and David Hanson",
  howpublished = "\url{www.cs.princeton.edu/software/lcc}"
}

@MISC{pintos,
  key   = "Pintos: instructional operating system",
  title = "Pintos: instructional operating system",
  author = "Ben Pfaff",
  howpublished = "\url{www.stanford.edu/~blp/projects.html}"
}

@Misc{SecurityFocus,
   key   = {SecurityFocus},
   title = {{SecurityFocus}},
   howpublished = "\url{www.securityfocus.com}",
   year = {2008},
   month = mar,
}


@Misc{US-NVD,
    key   = "{United States National Vulnerability Database}", 
    title = "{United States National Vulnerability Database}", 
    howpublished = "\url{nvd.nist.gov}",
    year = {2008},
    month = mar,
}

@Misc{MS-SecBulletin,
    key   = "{Microsoft Security Bulletins}", 
    title = "{Microsoft Security Bulletins}", 
    howpublished = "\url{http://www.microsoft.com/technet/security/current.aspx}",
    year = {2009},
    month = jul,
}

@Misc{SecuriTeam,
    key   = "{SecuriTeam}", 
    title = "{SecuriTeam}", 
    howpublished = "\url{http://www.securiteam.com}",
    year = {2009},
    month = jul,
}

@Misc{coreutils,
    key   = "{GNU Coreutils}",
    title = "{GNU Coreutils}",
    howpublished = "\url{www.gnu.org/software/coreutils}",
    year = {2008},
    month = aug,
}

@Misc{busybox,
    key   = {Busybox},
    title = {Busybox},
    howpublished = "\url{www.busybox.net}",
    year = {2008},
    month = aug,
}

@Misc{busybox-lawsuit-1,
    key = "{Linux legal team sues over GPL violations}",
    title = "{Linux legal team sues over GPL violations}",
    author = "{Martin LaMonica, CNET News.com}",
    year = "2007",
    month = nov,
    day = "21",
    howpublished = "\url{news.zdnet.co.uk/software/0,1000000121,39290971,00.htm}",
}

@Misc{busybox-lawsuit-2,
    key = "{Open-source legal group strikes again on BusyBox, suing Verizon}",
    title = "{Open-source legal group strikes again on BusyBox, suing Verizon}",
    author = "{Grant Gross, Computerworld}",
    year = " 2007",
    month = "December",
    day = "7",
    howpublished = "\url{http://www.computerworld.com/action/article.do?command=viewArticleBasic&taxonomyName=development&articleId=9051799&taxonomyId=11&intsrc=kc_top}",
}

@Misc{minix3,
    key   = "{MINIX 3}",
    title = "{MINIX 3}",
    howpublished = "\url{www.minix3.org}",
    year = {2008},
    month = aug,
}

@Misc{uclibc,
    key   = "{uClibc}",
    title = "{uClibc}",
    howpublished = "\url{www.uclibc.org}",
    year = {2008},
    month = may,
}

@Misc{ieee-single-unix,
    key   = "{IEEE Std 1003.1, 2004 Edition}",
    title = "{IEEE Std 1003.1, 2004 Edition}",
    howpublished = "\url{www.unix.org/version3/ieee_std.html}",
    year = {2008},
    month = may,
}

@Misc{mutt,
   key   = "{Mutt website}",
   title = "{Mutt website}",
   howpublished = "\url{www.mutt.org}",
}

@Misc{ext2,
   key = "{ext2/ext3 File system}",
   title = "{ext2/ext3 File system}",
   howpublished = "\url{e2fsprogs.sf.net}",
}

%University of Illinois at Urbana-Champaign
@misc{parboil,
   author = {{IMPACT Research Group, UIUC}},
   title = {Parboil benchmark suite},
   howpublished = {\url{http://impact.crhc.illinois.edu/parboil.php}}
}

@misc{bullet,
   author = {Erwin Coumans and others},
   title = {Bullet Continuous Collision Detection and Physics Library},
   howpublished = {\url{http://bulletphysics.org/}}
}

@Misc{flickr,
  title = {Flipping Out},
  author = {Ross Harmess},
  howpublished = {\url{http://code.flickr.com/blog/2009/12/02/flipping-out/}},
  year = {2009},
}

@misc{facebook,
  title = {How {Facebook} pushes updates to its site every day},
  howpublished = {\url{http://thenextweb.com/facebook/2011/05/28/how-facebook-pushes-updates-to-its-site-every-day/}},
  year = {2011},
}

@misc{imvu,
  title = {Continuous Deployment at {IMVU}: Doing the impossible fifty times a day},
  howpublished = {\url{http://timothyfitz.com/2009/02/10/continuous-deployment-at-imvu-doing-the-impossible-fifty-times-a-day/}},
  year = {2009},
}

@misc{cloc,
   key = {{CLOC} - count Lines of Code},
   title = {{CLOC} - Count Lines of Code},
   howpublished = {\url{http://cloc.sourceforge.net/}}
}

@Misc{crossmemoryattach,
  title = {Cross Memory Attach},
  author = {Jonathan Corbet},
  howpublished = {\url{http://lwn.net/Articles/405346/}},
  year = {2010},
}

@misc{lighttpd,
   key = {lighttpd},
   title = {lighttpd Web Server},
   howpublished = {\url{http://www.lighttpd.net/}}
}

@misc{dynamorio,
  key = {DynamoRIO},
  title = {DynamoRIO - Dynamic Instrumentation Tool Platform},
  howpublished = {\url{http://www.dynamorio.org/}},
}

@misc{pin,
  key = {Pin},
  title = {Pin - A Dynamic Binary Instrumentation Tool},
  howpublished = {\url{http://software.intel.com/en-us/articles/pin-a-dynamic-binary-instrumentation-tool}},
}

@Misc{pine:website,
   key   =       {Pine},
   title =       {Pine mail client project website},
   howpublished = {\url{http://www.washington.edu/pine/}},
}

@Misc{rfc822:website,
   key   =       {RFC 822},
   title =       {{RFC} 822},
   howpublished = {\url{https://www.ietf.org/rfc/rfc0822.txt}},
}

@Misc{refactoring-patterns:website,   
   title = {Refactoring catalog},
   author = {Martin Fowler},
   howpublished = {\url{http://www.refactoring.com/catalog/index.html}}
}

@Misc{plash,
  title = {Plash},
  author = {Mark Seaborn},
  howpublished = {\url{http://plash.beasts.org/}},
}

@Misc{linuxzygote,
  title = {{Linux Zygote}: The use of zygotes on {Linux}},
  author = {Chromium.org},
  howpublished = {\url{https://code.google.com/p/chromium/wiki/LinuxZygote}},
}

@misc{blogger-incident2011,
  key = {Blogger},
  title = {{Blogger Incident Report}},
  year = 2011,
  month = may,
  url = {http://status.blogger.com/2011/05/blogger-incident-report-by-eddie.html},
}

@misc{skype-incident2011,
  key = {Skype},
  title = {{An update on today's downtime}},
  year = 2011,
  month = may,
  url = {http://heartbeat.skype.com/2011/05/an_update_on_todays_downtime.html},
}

@misc{kernel-procmem,
  key = {Kernel},
  title = {{[PATCH v2 0/12] enable writing to /proc/pid/mem}},
  year = 2011,
  month = mar,
  url = {http://lists-archives.org/linux-kernel/27452837-enable-writing-to-proc-pid-mem.html},
}

@Misc{ms:sir11h1,
  title = {Microsoft Security Intelligence Report},
  year = 2011,
  month = jan # {--} # jun,
  url = {http://download.microsoft.com/download/0/3/3/0331766E-3FC4-44E5-B1CA-2BDEB58211B8/Microsoft_Security_Intelligence_Report_volume_11_English.pdf},
}

@Misc{opera-breach13,
  key = {Opera},
  organisation = {Opera},
  title = {Security breach stopped},
  year = 2013,
  month = jun,
  howpublished = {\url{https://web.archive.org/web/20130629221339/http://my.opera.com/securitygroup/blog/2013/06/26/opera-infrastructure-attack}}
}

@misc{facebook-incident2010,
  key = {Fb},
  organisation = {Facebook},
  title = {More Details on Today's Outage},
  year = 2010,
  month = sep,
  howpublished = {\url{https://www.facebook.com/notes/facebook-engineering/more-details-on-todays-outage/431441338919}},
}

@misc{verizon-outage2014,
  key = {VZ},
  organisation = {Verizon},
  title = {Verizon Services Back Up, But Outage Prompts Fail Hashtags on Twitter},
  year = 2014,
  month = jun,
  howpublished = {\url{http://mashable.com/2014/06/28/verizon-back-up/}},
}

@misc{heartbleed,
  key = {HbB},
  title = {The Heartbleed Bug},
  year = 2014,
  month = apr,
  howpublished = {\url{http://heartbleed.com/}},
}

@misc{heartbleed-prevalent,
  key = {AVG},
  organisation = {AVG},
  title = {AVG on Heartbleed: It's dangerous to go alone. Take this (an AVG tool)},
  year = 2014,
  month = may,
  howpublished = {\url{http://www.theregister.co.uk/2014/05/20/heartbleed_still_prevalent/}},
}

@misc{consh,
  author = {Albert Alexandrov and Paul Kmiec and Klaus Schauser},
  title = {{Consh}: Confined Execution Environment for {I}nternet Computations},
  month = dec,
  year = 1998,
  howpublished = {\url{http://itslab.inf.kyushu-u.ac.jp/ssr/Links/alexandrov98consh.pdf}},
}

%--------------------- END Misc ----------------------------%
