
%%% OSDI %%%
@Proceedings{osdi00,
  booktitle = "OSDI'00",
  year = 2000,
  month = dec,
  location = SanDiego,
}

@Proceedings{osdi02,
  booktitle = "OSDI'02",
  year = 2002,
  month = dec,
  location = Boston,
}

@Proceedings{osdi04,
  booktitle = "OSDI'04",
  year = 2004,
  month = dec,
  location = SanFrancisco,
}

@Proceedings{osdi06,
  booktitle = "OSDI'06",
  year = 2006,
  month = nov,
  location = Seattle,
}

@Proceedings{osdi08,
  booktitle = "OSDI'08",
  year = 2008,
  month = dec,
  location = SanDiego,
}

@Proceedings{osdi10,
  booktitle = "OSDI'10",
  year = 2010,
  month = dec,
  location = Vancouver,
}

%%% SOSP %%%
@Proceedings{sosp93,
  booktitle = "SOSP'93",
  year = 1993,
  month = dec,
  location = Asheville,
}

@Proceedings{sosp97,
  booktitle = "SOSP'97",
  year = 1997,
  month = oct,
  location = SaintMalo,
}

@Proceedings{sosp01,
  booktitle = "SOSP'01",
  year = 2001,
  month = oct,
  location = ChateauLakeLouise,
}

@Proceedings{sosp05,
  booktitle = "SOSP'05",
  year = 2005,
  month = oct,
  location = Brighton,
}

@Proceedings{sosp07,
  booktitle = "SOSP'07",
  year = 2007,
  month = oct,
  location = Stevenson,
}

@Proceedings{sosp09,
  booktitle = "SOSP'09",
  year = 2009,
  month = oct,
  location = BigSky,
}

@Proceedings{sosp11,
  booktitle = "SOSP'11",
  year = 2011,
  month = oct,
  location = Cascais,
}


%%% EuroSys %%%
@Proceedings{eurosys06,
  booktitle = "EuroSys'06",
  year = 2006,
  month = apr,
  location = Leuven,
}

@Proceedings{eurosys07,
  booktitle = "EuroSys'07",
  year = 2007,
  month = mar,
  location = Lisbon
}

@Proceedings{eurosys09,
  booktitle = "EuroSys'09",
  year = 2009,
  month = mar # "-" # apr,
  location = Nuremberg,
}

@Proceedings{eurosys10,
  booktitle = "EuroSys'10",
  year = 2010,
  month = apr,
  location = Paris,
}

@Proceedings{eurosys11,
  booktitle = "EuroSys'11",
  year = 2011,
  month = apr,
  location = Salzburg,
}


%%% SPIN %%%
@Proceedings{spin99,
  booktitle = "SPIN'99",
  year = 1999,
  month = sep,
  location = Toulouse,
}

@Proceedings{spin00,
  booktitle = "SPIN'00",
  year = 2000,
  month = aug # "-" # sep,
  location = Stanford,
}

@Proceedings{spin01,
  booktitle = "SPIN'01",
  year = 2001,
  month = may,
  location = Toronto,
}

@Proceedings{spin05,
  booktitle = "SPIN'05",
  year = 2005,
  month = aug,
  location = SanFrancisco,
}

@Proceedings{spin12,
  booktitle = "SPIN'12",
  year = 2012,
  month = jul,
  location = Oxford,
}

%%% MSR %%%

@Proceedings{msr05,
  booktitle = "MSR'05",
  year = 2005,
  month = may,
  location = StLouis,
}

@Proceedings{msr06,
  booktitle = "MSR'06",
  year = 2006,
  month = may,
  location = Shanghai,
}

@Proceedings{msr07,
  booktitle = "MSR'07",
  year = 2007,
  month = may,
  location = Minneapolis,
}

@Proceedings{msr08,
  booktitle = "MSR'08",
  year = 2008,
  month = may,
  location = Leipzig,
}

@Proceedings{msr09,
  booktitle = "MSR'09",
  year = 2009,
  month = may,
  location = Vancouver,
}

@Proceedings{msr10,
  booktitle = "MSR'10",
  year = 2010,
  month = may,
  location = CapeTown,
}

@Proceedings{msr11,
  booktitle = "MSR'11",
  year = 2011,
  month = may,
  location = Waikiki,
}

@Proceedings{msr12,
  booktitle = "MSR'12",
  year = 2012,
  month = june,
  location = Zurich,
}

@Proceedings{msr13,
  booktitle = "MSR'13",
  year = 2013,
  month = may,
  location = SanFrancisco,
}

%%% Other workshops %%%

@Proceedings{defects08,
  booktitle = "DEFECTS'08",
  month = jul,
  year = 2008,
  location = Seattle,
}

@Proceedings{dsmm09,
  booktitle = "DSMM'09",
  month = nov,
  year = 2009,
  location = HongKong,
}

%%% USENIX Technical %%%
@Proceedings{usenix-win92,
  booktitle = PROC # "1992 " # USENIX-Winter,
  year = 1992,
  month = jan,
  location = SanFrancisco,
}

@Proceedings{usenix-win93,
  booktitle = PROC # "1993" # USENIX-Winter,
  year = 1993,
  month = jan,
  location = SanDiego,
}

@Proceedings{usenix-atc04,
  booktitle = "USENIX ATC'04",
  year = 2004,
  month = jun # "-" # jul,
  location = Boston,
}

@Proceedings{usenix-atc06,
  booktitle = "USENIX ATC'06",
  year = 2006,
  month = may # "-" # jun,
  location = Boston,
}

@Proceedings{usenix-atc08,
  booktitle = "{USENIX} ATC'08",
  year = 2008,
  month = jun,
  location = Boston,
}

@Proceedings{usenix-atc09,
  booktitle = "{USENIX} ATC'09",
  year = 2009,
  month = jun,
  location = SanDiego,
}

@Proceedings{usenix-atc10,
  booktitle = "USENIX ATC'10",
  year = 2010,
  month = jun,
  location = Boston,
}

@Proceedings{usenix-atc13,
  booktitle = "USENIX ATC'13",
  year = 2013,
  month = jun,
  location = SanJose,
}

@Proceedings{usenix-nt99,
  booktitle = "USENIX NT'99",
  year = 1999,
  month = jul,
  location = Seattle,
}


%%% CCS %%%
@Proceedings{ccs03,
  booktitle = "CCS'03",
  year = 2003,
  month = oct,
  location = WashingtonDC,
  OPTpages = {272--280},
}

@Proceedings{ccs06,
  booktitle = "CCS'06",
  year = 2006,
  month = oct # "-" # nov,
  location = Alexandria,
}


%%% ASIACCS %%%
@Proceedings{asiaccs07,
  booktitle = "ASIACCS'07",
  year = 2007,
  month = mar,
  location = Singapore,
}


%%% USENIX Security %%%
@Proceedings{usenix-sec01,
   booktitle = "{USENIX} Security'01",
   year = 2001,
   month = aug,
   location = WashingtonDC,
}

@Proceedings{usenix-sec02,
   booktitle = "{USENIX} Security'02",
   year = 2002,
   month = aug,
   location = SanFrancisco,
}

@Proceedings{usenix-sec03,
   booktitle = "{USENIX} Security'03",
   year = 2003,
   month = aug,
   location = WashingtonDC,
}

@Proceedings{usenix-sec05,
   booktitle = "{USENIX} Security'05",
   year = 2005,
   month = aug,
   location = {Baltimore, MD, USA},
}

@Proceedings{usenix-sec06,
   booktitle = "{USENIX} Security'06",
   year = 2006,
   month = jul # "-" # aug,
   location = Vancouver,
}

@Proceedings{usenix-sec11,
   booktitle = "{USENIX} Security'11",
   year = 2011,
   month = aug,
   location = SanFrancisco,
}

@Proceedings{usenix-sec12,
  booktitle = "{USENIX} Security'12",
   year = 2012,
   month = "Aug.",
   location = Bellevue,
}

%%% IEEE Security & Privacy %%%
@Proceedings{ieee-sp06,
   booktitle = "{IEEE} S\&P'06",
   year = 2006,
   month = may,
   location = Oakland,
}

@Proceedings{ieee-sp07,
  booktitle = "{IEEE} S\&P'07",
   year = 2007,
   month = may,
   location = Oakland,
}

@Proceedings{ieee-sp08,
   booktitle = "{IEEE} S\&P'08",
   year = 2008,
   month = may,
   location = Oakland,
}

@Proceedings{ieee-sp09,
   booktitle = "{IEEE} S\&P'09",
   year = 2009,
   month = may,
   location = Oakland,
}

@Proceedings{ieee-sp10,
   booktitle = "{IEEE} S\&P'10",
   year = 2010,
   month = may,
   location = Oakland,
}

@Proceedings{ieee-sp12,
   booktitle = "{IEEE} S\&P'12",
   year = 2012,
   month = may,
   location = SanFrancisco,
}

@Proceedings{ieee-sp13,
  booktitle = "{IEEE} S\&P'13",
  year = 2013,
  month = may,
  location = SanFrancisco,
}

@Proceedings{ieee-sp14,
  booktitle = "{IEEE} S\&P'14",
  year = 2014,
  month = may,
  location = SanJose,
}

%%% ACSAC %%%

@Proceedings{acsac04,
  booktitle = "ACSAC'04",
  year = 2004,
  month = dec,
  location = Tucson,
}

@Proceedings{acsac08,
  booktitle = "ACSAC'08",
  year = 2008,
  month = dec,
  location = Anaheim,
}

%%% ISSTA %%%
@Proceedings{issta96,
  booktitle = "ISSTA'96",
  year = 1996,
  month = jan,
  location = SanDiego,
}

@Proceedings{issta98,
  booktitle = "ISSTA'98",
  year = 1998,
  month = mar,
  location = ClearwaterBeach,
}

@Proceedings{issta02,
  booktitle = "ISSTA'02",
  year = 2002,
  month = jul,
  location = Rome,
}

@Proceedings{issta04,
  booktitle = "ISSTA'04",
  year = 2004,
  month = jul,
  location = Boston,
}

@Proceedings{issta06,
  booktitle = "ISSTA'06",
  year = 2006,
  month = jul,
  location = Portland,
}

@Proceedings{issta07,
  booktitle = "ISSTA'07",
  year = 2007,
  month = jul,
  location = London,
}

@Proceedings{issta08,
  booktitle = "ISSTA'08",
  year = 2008,
  month = jul,
  location = Seattle,
}

@Proceedings{issta09,
  booktitle = "ISSTA'09",
  year = 2009,
  month = jul,
  location = Chicago,
}

@Proceedings{issta10,
  booktitle = "ISSTA'10",
  year = 2010,
  month = jul,
  location = Trento,
}

@Proceedings{issta11,
  booktitle = "ISSTA'11",
  year = 2011,
  month = jul,
  location = Toronto,
}

@Proceedings{issta12,
  booktitle = "ISSTA'12",
  year = 2012,
  month = jul,
  location = Minneapolis,
}


%%% TACAS %%%
@Proceedings{tacas03,
  booktitle = "TACAS'03",
  year = 2003,
  month = apr,
  location = Warsaw,
}

@Proceedings{tacas04,
  booktitle = "TACAS'04",
  year = 2004,
  month = mar # "-" # apr,
  location = Barcelona,
}

@Proceedings{tacas07,
  booktitle = "TACAS'07",
  year = 2007,
  month = mar # "-" # apr,
  location = Braga,
}

@Proceedings{tacas08,
  booktitle = "TACAS'08",
  year = 2008,
  month = mar # "-" # apr,
  location = Budapest,
}

@Proceedings{tacas09,
  booktitle = "TACAS'09",
  year = 2009,
  month = mar,
  location = York,
}


@Proceedings{tacas10,
  booktitle = "TACAS'10",
  year = 2010,
  month = mar,
  location = Paphos,
}

@Proceedings{tacas12,
  booktitle = "TACAS'12",
  year = 2012,
  month = mar,
  location = Tallinn,
}

%%% HVC 
@Proceedings{hvc11,
  booktitle = "HVC'11",
  year = 2011,
  month = dec,
  location = Haifa,
}

%%% ICSE %%%
@Proceedings{icse99,
  booktitle = "ICSE'99",
  year = 1999,
  month = may,
  location = LosAngeles,
}

@Proceedings{icse00,
  booktitle = "ICSE'00",
  year = 2000,
  month = jun,
  location = Limerick,
}

@Proceedings{icse02,
  booktitle = "ICSE'02",
  year = 2002,
  month = may,
  location = Orlando,
}

@Proceedings{icse04,
  booktitle = "ICSE'04",
  year = 2004,
  month = may,
  location = Edinburgh,
}

@Proceedings{icse05,
  booktitle = "ICSE'05",
  year = 2005,
  month = may,
  location = StLouis,
}

@Proceedings{icse06,
  booktitle = "ICSE'06",
  year = 2006,
  month = may,
  location = Shanghai,
}

@Proceedings{icse07,
  booktitle = "ICSE'07",
  year = 2007,
  month = may,
  location = Minneapolis,
}

@Proceedings{icse08,
  booktitle = "ICSE'08",
  year = 2008,
  month = may,
  location = Leipzig,
}

@Proceedings{icse09,
  booktitle = "ICSE'09",
  year = 2009,
  month = may,
  location = Vancouver,
}

@Proceedings{icse10,
  booktitle = "ICSE'10",
  year = 2010,
  month = may,
  location = CapeTown,
}

@Proceedings{icse11,
  booktitle = "ICSE'11",
  year = 2011,
  month = may,
  location = Honolulu,
}

@Proceedings{icse12,
  booktitle = "ICSE'12",
  year = 2012,
  month = jun,
  location = Zurich,
}

@Proceedings{icse13,
  booktitle = "ICSE'13",
  year = 2013,
  month = may,
  location = SanFrancisco,
}

@Proceedings{icse14,
  booktitle = "ICSE'14",
  year = 2014,
  month = may,
  location = Hyderabad,
}

%%% ICSE Tracks %%%

@Proceedings{icse-impact11,
  booktitle = "ICSE Impact'11",
  year = 2011,
  month = may,
  location = Honolulu,
}

%%% FSE %%%
@Proceedings{fse98,
  booktitle = "FSE'98",
  year = 1998,
  month = nov,
  location = LakeBuenaVista,
}

@Proceedings{fse10,
  booktitle = "FSE'10",
  year = 2010,
  month = nov,
  location = SantaFe,
}

@Proceedings{fse12,
  booktitle = "FSE'12",
  year = 2012,
  month = nov,
  location = Cary,
}

%%% ESEC/FSE %%%
@Proceedings{esec-fse99,
  booktitle = "ESEC/FSE'99",
  year = 1999,
  month = sep,
  location = Toulouse,
}

@Proceedings{esec-fse01,
  booktitle = "ESEC/FSE'01",
  year = 2001,
  month = sep,
  location = Vienna,
}

@Proceedings{esec-fse03,
  booktitle = "ESEC/FSE'03",
  year = 2003,
  month = sep,
  location = Helsinki,
}

@Proceedings{esec-fse05,
  booktitle = "ESEC/FSE'05",
  year = 2005,
  month = sep,
  location = Lisbon,
}

@Proceedings{esec-fse07,
  booktitle = "ESEC/FSE'07",
  year = 2007,
  month = sep,
  location = Dubrovnik,
}

@Proceedings{fse08,
  booktitle = "FSE'08",
  year = 2008,
  month = nov,
  location = Atlanta,
}

@Proceedings{esec-fse11,
  booktitle = "ESEC/FSE'11",
  year = 2011,
  month = sep,
  location = Szeged,
}

@Proceedings{esec-fse13,
  booktitle = "ESEC/FSE'13",
  year = 2013,
  month = aug,
  location = SaintPetersburg,
}

%%% ASE %%%
@Proceedings{ase00,
  booktitle = "ASE'00",
  year = 2000,
  month = sep,
  location = Grenoble,
}

@Proceedings{ase01,
  booktitle = "ASE'01",
  year = 2001,
  month = nov,
  location = SanDiego,
}

@Proceedings{ase06,
  booktitle = "ASE'06",
  year = 2006,
  month = sep,
  location = Tokyo,
}

@Proceedings{ase07,
  booktitle = "ASE'07",
  year = 2007,
  month = nov,
  location = Atlanta,
}

@Proceedings{ase08,
  booktitle = "ASE'08",
  year = 2008,
  month = sep,
  location = LAquila,
}

@Proceedings{ase09,
  booktitle = "ASE'09",
  year = 2009,
  month = nov,
  location = Auckland,
}

@Proceedings{ase11,
  booktitle = "ASE'11",
  year = 2011,
  month = sep,
  location = Lawrence,
}

@Proceedings{ase12,
  booktitle = "ASE'12",
  year = 2012,
  month = sep,
  location = Essen,
}

%%% ICSM %%%

@Proceedings{icsm01,
  booktitle = "ICSM'01",
  year = 2001,
  month = nov,
  location = Florence,
}

@Proceedings{icsm07,
  booktitle = "ICSM'07",
  year = 2007,
  month = oct,
  location = Paris,
}


%%% ASPEC %%%
@Proceedings{aspec09,
  booktitle = "ASPEC'09",
  year = 2009,
  month = dec,
  location = Penang,
}


%%% AADEBUG %%%
@Proceedings{aadebug97,
  booktitle = "AADEBUG'97",
  year = 1997,
  month = may,
  location = Linkoping,
}

@Proceedings{aadebug03,
  booktitle = "AADEBUG'03",
  year = 2003,
  month = sep,
  location = Ghent,
}

@Proceedings{aadebug05,
  booktitle = "AADEBUG'05",
  year = 2005,
  month = sep,
  location = Monterey,
}

%%% PLDI %%%
@Proceedings{pldi99,
  booktitle = "PLDI'99",
  year = 1999,
  month = may,
  location = Atlanta,
}

@Proceedings{pldi00,
  booktitle = "PLDI'00",
  year = 2000,
  month = may,
  location = Vancouver,
}

@Proceedings{pldi01,
  booktitle = "PLDI'01",
  year = 2001,
  month = jun,
  location = Snowbird,
}

@Proceedings{pldi02,
  booktitle = "PLDI'02",
  year = 2002,
  month = jun,
  location = Berlin,
}

@Proceedings{pldi04,
  booktitle = "PLDI'04",
  year = 2004,
  month = jun,
  location = WashingtonDC,
}

@Proceedings{pldi05,
  booktitle = "PLDI'05",
  year = 2005,
  month = jun,
  location = Chicago,
}

@Proceedings{pldi06,
  booktitle = "PLDI'06",
  year = 2006,
  month = jun,
  location = Ottawa,
}

@Proceedings{pldi07,
  booktitle = "PLDI'07",
  year = 2007,
  month = jun,
  location = SanDiego,
}

@Proceedings{pldi09,
  booktitle = "PLDI'09",
  year = 2009,
  month = jun,
  location = Dublin,
}

@Proceedings{pldi11,
  booktitle = "PLDI'11",
  year = 2011,
  month = jun,
  location = SanJose,
}

@Proceedings{pldi12,
  booktitle = "PLDI'12",
  year = 2012,
  month = jun,
  location = Beijing,
}

%%% POPL %%%
@Proceedings{popl73,
  booktitle = "POPL'73",
  year = 1973,
  month = oct,
  location = Boston,
}

@Proceedings{popl77,
  booktitle = "POPL'77",
  year = 1977,
  month = jan,
  location = LosAngeles,
}

@Proceedings{popl91,
  booktitle = "POPL'91",
  year = 1991,
  month = jan,
  location = Orlando,
}

@Proceedings{popl93,
  booktitle = "POPL'93",
  year = 1993,
  month = jan,
  location = Charleston,
}

@Proceedings{popl96,
  booktitle = "POPL'96",
  year = 1996,
  month = jan,
  location = StPetersburgBeach,
}

@Proceedings{popl97,
  booktitle = "POPL'97",
  year = 1997,
  month = jan,
  location = Paris,
}

@Proceedings{popl98,
  booktitle = "POPL'98",
  year = 1998,
  month = jan,
  location = SanDiego,
}

@Proceedings{popl99,
  booktitle = "POPL'99",
  year = 1999,
  month = jan,
  location = SanAntonio,
}

@Proceedings{popl00,
  booktitle = "POPL'00",
  year = 2000,
  month = jan,
  location = Boston,
}

@Proceedings{popl02,
  booktitle = "POPL'02",
  year = 2002,
  month = jan,
  location = Portland,
}

@Proceedings{popl03,
  booktitle = "POPL'03",
  year = 2003,
  month = jan,
  location = NewOrleans,
}

@Proceedings{popl04,
  booktitle = "POPL'04",
  year = 2004,
  month = jan,
  location = Venice,
}

@Proceedings{popl05,
  booktitle = "POPL'05",
  year = 2005,
  month = jan,
  location = LongBeach,
}

@Proceedings{popl06,
  booktitle = "POPL'06",
  year = 2006,
  month = jan,
  location = Charleston,
}

@Proceedings{popl07,
  booktitle = "POPL'07",
  year = 2007,
  month = jan,
  location = Nice,
}


%%% ASPLOS %%%
@Proceedings{asplos00,
  booktitle = "ASPLOS'00",
  year = 2000,
  month = nov,
  location = Cambridge,
}

@Proceedings{asplos09,
  booktitle = "ASPLOS'09",
  year = 2009,
  month = mar,
  location = WashingtonDC,
}

@Proceedings{asplos10,
  booktitle = "ASPLOS'10",
  year = 2010,
  month = mar,
  location = Pittsburgh,
}

%%% CC %%%
@Proceedings{cc02,
  booktitle = "CC'02",
  year = 2002,
  month = mar,
  location = Grenoble,
}

@Proceedings{cc11,
  booktitle = "CC'11",
  year = 2011,
  month = mar # "-" # apr,
  location = Saarbrucken,
}


%%% OOPSLA %%%
@Proceedings{oopsla03,
  booktitle = "OOPSLA'03",
  year = 2003,
  month = oct,
  location = Anaheim,
}

@Proceedings{oopsla-companion05,
  booktitle = "OOPSLA'05 Companion",
  year = 2005,
  month = oct,
  location = SanDiego,
}

@Proceedings{oopsla07,
  booktitle = "OOPSLA'07",
  year = 2007,
  month = oct,
  location = Montreal,
}

@Proceedings{oopsla09,
  booktitle = "OOPSLA'09",
  year = 2009,
  month = oct,
  location = Orlando,
}

@Proceedings{oopsla12,
  booktitle = "OOPSLA'12",
  year = 2012,
  month = oct,
  location = Tucson,
}

%%% SAS %%%
@Proceedings{sas11,
  booktitle = "SAS'11",
  year = 2011,
  month = sep,
  location = Venice,
}

@Proceedings{sas99,
  booktitle = "SAS'99",
  year = 1999,
  month = sep,
  location = Venice,
}


%%% NSDI %%%
@Proceedings{nsdi04,
  booktitle = "NSDI'04",
  year = 2004,
  month = mar,
  location = SanFrancisco,
}

@Proceedings{nsdi07,
  booktitle = "NSDI'07",
  year = 2007,
  month = apr,
  location = Cambridge,
}


%%% NDSS %%%
@Proceedings{ndss99,
  booktitle = "NDSS'99",
  year = 1999,
  month = feb,
  location = SanDiego,
}

@Proceedings{ndss00,
  booktitle = "NDSS'00",
  year = 2000,
  month = feb,
  location = SanDiego,
}

@Proceedings{ndss04,
  booktitle = "NDSS'04",
  year = 2004,
  month = feb,
  location = SanDiego,
}

@Proceedings{ndss05,
  booktitle = "NDSS'05",
  year = 2005,
  month = feb,
  location = SanDiego,
}

@Proceedings{ndss06,
  booktitle = "NDSS'06",
  year = 2006,
  month = feb,
  location = SanDiego,
}

@Proceedings{ndss08,
  booktitle = "NDSS'08",
  year = 2008,
  month = feb,
  location = SanDiego,
}

@Proceedings{ndss10,
  booktitle = "NDSS'10",
  year = 2010,
  month = feb # "-" # mar,
  location = SanDiego,
}

@Proceedings{ndss11,
  booktitle = "NDSS'11",
  year = 2011,
  month = feb,
  location = SanDiego,
}

@Proceedings{ndss12,
  booktitle = "NDSS'12",
  year = 2012,
  month = feb,
  location = SanDiego,
}

%%% DAC %%%
@Proceedings{dac98,
  booktitle = "DAC'98",
  year = 1998,
  month = jun,
  location = SanFrancisco,
}

@Proceedings{dac03,
  booktitle = "DAC'03",
  year = 2003,
  month = jun,
  location = Anaheim,
}

@Proceedings{dac09,
  booktitle = "DAC'09",
  year = 2009,
  month = jul,
  location = SanFrancisco,
}


%%% CAV %%%
@Proceedings{cav94,
  booktitle = "CAV'94",
  year = 1994,
  month = jun,
  location = Stanford,
}

@Proceedings{cav97,
  booktitle = "CAV'97",
  year = 1997,
  month = jun,
  location = Haifa,
}

@Proceedings{cav99,
  booktitle = "CAV'99",
  year = 1999,
  month = jul,
  location = Trento,
}

@Proceedings{cav00,
  booktitle = "CAV'00",
  year = 2000,
  month = jul,
  location = Chicago,
}

@Proceedings{cav01,
  booktitle = "CAV'01",
  year = 2001,
  month = jul,
  location = Paris,
}

@Proceedings{cav02,
  booktitle = "CAV'02",
  year = 2002,
  month = jul,
  location = Copenhagen,
}

@Proceedings{cav03,
  booktitle = "CAV'03",
  year = 2003,
  month = jul,
  location = Boulder,
}

@Proceedings{cav04,
  booktitle = "CAV'04",
  year = 2004,
  month = jul,
  location = Boston,
}

@Proceedings{cav05,
  booktitle = "CAV'05",
  year = 2005,
  month = jul,
  location = Edinburgh,
}

@Proceedings{cav06,
  booktitle = "CAV'06",
  year = 2006,
  month = aug,
  location = Seattle,
}

@Proceedings{cav07,
  booktitle = "CAV'07",
  year = 2007,
  month = jul,
  location = Berlin,
}

@Proceedings{cav08,
  booktitle = "CAV'08",
  year = 2008,
  month = jul,
  location = Princeton,
}

@Proceedings{cav09,
  booktitle = "CAV'09",
  year = 2009,
  month = jul,
  location = Grenoble,
}

@Proceedings{cav10,
  booktitle = "CAV'10",
  year = 2010,
  month = jul,
  location = Edinburgh,
}

@Proceedings{cav11,
  booktitle = "CAV'11",
  year = 2011,
  month = jul,
  location = CliffLodge,
}

@Proceedings{cav12,
  booktitle = "CAV'12",
  year = 2012,
  month = jul,
  location = Berkeley,
}

@Proceedings{cav13,
  booktitle = "CAV'13",
  year = 2013,
  month = jul,
  location = SaintPetersburg,
}


%% PPoPP 

@Proceedings{ppopp03,
  booktitle = "PPoPP'03",
  year = 2003,
  month = jun,
  location = SanDiego,
}

@Proceedings{ppopp08,
  booktitle = "PPoPP'08",
  year = 2008,
  month = feb,
  location = SaltLakeCity,
}

@Proceedings{ppopp11,
  booktitle = "PPoPP'11",
  year = 2011,
  month = feb,
  location = SanAntonio,
}

@Proceedings{ppopp12,
  booktitle = "PPoPP'12",
  year = 2012,
  month = feb,
  location = NewOrleans,
}

@Proceedings{ppopp13,
  booktitle = "PPoPP'13",
  year = 2013,
  month = feb,
  location = Shenzhen,
}

%%% FMCAD %%%

@Proceedings{fmcad98,
  booktitle = "FMCAD'08",
  month = nov,
  year = 2008,
  location = PaloAlto,
}

@Proceedings{fmcad12,
  booktitle = "FMCAD'12",
  month = oct,
  year = 2012,
  location = CambridgeUK,
}



%%% IJCAI

@Proceedings{ijcai99,
  booktitle = "IJCAI'99",
  year = 1999,
  month = jul # "-" # aug,
  location = Stockholm,
}

@Proceedings{ijcai07,
  booktitle = "IJCAI'07",
  year = 2007,
  month = jan,
  location = Hyderabad,
}

@Proceedings{ijcai09,
  booktitle = "IJCAI'09",
  year = 2009,
  month = jul,
  location = Pasadena,
} 

%%% ISSRE

@Proceedings{issre96,
  booktitle = "ISSRE'96",
  year = 1996,
  month = oct,
  location = WhitePlains,
}

@Proceedings{issre98,
  booktitle = "ISSRE'98",
  year = 1998,
  month = nov,
  location = Paderborn,
}

@Proceedings{issre03,
  booktitle = "ISSRE'03",
  year = 2003,
  month = nov,
  location = Denver,
}

@Proceedings{issre10,
  booktitle = "ISSRE'10",
  year = 2010,
  month = nov,
  location = SanJose,
}

@Proceedings{issre11,
  booktitle = "ISSRE'11",
  year = 2011,
  month = nov # "-" # dec,
  location = Hiroshima,
}

@Proceedings{issre12,
  booktitle = "ISSRE'12",
  year = 2012,
  month = nov,
  location = Dallas,
}

@Proceedings{issre13,
  booktitle = "ISSRE'13",
  year = 2013,
  month = nov,
  location = Pasadena,
}

%%% Other 

@Proceedings{ipdps10,
  booktitle = "IPDPS'10",
  year = 2010,
  month = apr,
  location = Atlanta,
}

@Proceedings{sigmetrics10,
  booktitle = "SIGMETRICS'10",
  year = 2010,
  month = jun,
  location = NewYork,
}

@Proceedings{gpce06,
  booktitle = "GPCE'06",
  year = 2006,
  month = oct,
  location = Portland,
}

@Proceedings{sensys08,
  booktitle = "SenSys'08",
  month = nov,
  year = 2008,
  location = Raleigh,
}

@Proceedings{ipsn10,
  booktitle = "IPSN'10",
  month = apr,
  year = 2010,
  location = Stockholm,
}

@Proceedings{asp-dac03,
  booktitle = "ASP-DAC'03",
  year = 2003,
  month = jan,
  location = Kitakyushu,
}

@Proceedings{lics01,
  booktitle = "LICS'01",
  year = 2001,
  month = jun,
  location = Boston,
}

@Proceedings{wcci08,
  booktitle = "WCCI'08",
  year = 2008,
  month = jun,
  location = HongKong,
}

@Proceedings{csf07,
  booktitle = "CSF'07",
  year = 2007,
  month = jul,
  location = Venice,
}

@Proceedings{ias07,
  booktitle = "IAS'07",
  year = 2007,
  month = aug,
  location = Manchester,
}

@Proceedings{dcia98,
  booktitle = "DCIA'98",
  year = 1998,
  month = jan,
  location = Johannesburg,
}

@Proceedings{paste02,
  booktitle = "PASTE'02",
  year = 2002,
  month = nov,
  location = Charleston,
}

@Proceedings{paste04,
  booktitle = "PASTE'04",
  year = 2004,
  month = jun,
  location = WashingtonDC,
}

@Proceedings{paste05,
  booktitle = "PASTE'05",
  year = 2005,
  month = sep,
  location = Lisbon,
}

@Proceedings{woda03,
  booktitle = "WODA'03",
  year = 2003,
  month = may,
  location = Portland,
}

@Proceedings{woda04,
  booktitle = "WODA'04",
  year = 2004,
  month = may,
  location = Edinburgh,
}

@Proceedings{iciss08,
  booktitle = "ICISS'08",
  year = 2008,
  month = dec,
  location = Hyderabad,
}

@Proceedings{tap08,
  booktitle = "TAP'08",
  year = 2008,
  month = apr,
  location = Prato,
}

@Proceedings{hotdep07,
  booktitle = "HotDep'07",
  year = 2007,
  month = jun,
  location = Edinburgh,
}

@Proceedings{hotdep09,
  booktitle = "HotDep'09",
  year = 2009,
  month = jun,
  location = Lisbon,
}

@Proceedings{icrs75,
  booktitle = "ICRS'75",
  year = 1975,
  month = apr,
  location = LosAngeles,
}

@Proceedings{cgo04,
  booktitle = "CGO'04",
  year = 2004,
  month = mar,
  location = PaloAlto,
}

@Proceedings{cgo06,
  booktitle = "CGO'06",
  year = 2006,
  month = mar,
  location = NewYork,
}

@Proceedings{stmcs08,
  booktitle = "STMCS'08",
  year = 2008,
  month = apr,
  location = Boston,
}

@Proceedings{hotpar09,
  booktitle = "HotPar'09",
  month = mar,
  year = {2009},
  location = Berkeley
}

@Proceedings{hotpar10,
  booktitle = "HotPar'10",
  year = 2010,
  month = jun,
  location = Berkeley,
}

@Proceedings{pespma10,
  booktitle = "PESPMA'10",
  year = {2010},
  month = jun,
  location = SaintMalo,
}

@Proceedings{pdpar03,
  booktitle = "PDPAR'03",
  year = {2003},
  month = jul,
  location = Miami,
}

@Proceedings{hotswup12,
  booktitle = "HotSWUp'12",
  year = 2012,
  month = jun,
  location = Zurich,
}

@Proceedings{edcc06,
  booktitle = "EDCC'06",
  year = 2006,
  month = oct,
  location = Coimbra,
}

@Proceedings{icccn11,
  booktitle = "ICCCN'11",
  year = 2011,
  month = may,
  location = Maui,
}

@Proceedings{ftcs78,
  booktitle = "FTCS'78",
  year = 1978,
  month = jun,
  location = Toulouse,
}

@Proceedings{cf10,
  booktitle = "CF'10",
  year = 2010,
  month = may,
  location = Bertinoro,
}

@Proceedings{lisa99,
  booktitle = "LISA'99",
  year = 1999,
  month = nov,
  location = Seattle,
}

@Proceedings{lisa02,
  booktitle = "LISA'02",
  year = 2002,
  month = nov,
  location = Philadelphia,
}

@Proceedings{raid04,
  booktitle = "RAID'04",
  year = 2004,
  month = sep,
  location = {Sophia Antipolis, France},
}

@Proceedings{sac02,
  booktitle = "SAC'04",
  year = 2002,
  month = mar,
  location = {Madrid, Spain},
}

@Proceedings{icst12,
  booktitle = "ICST'12",
  year = 2012,
  month = apr,
  location = Montreal,
}

@Proceedings{icstw09,
  booktitle = "ICSTW'09",
  year = 2009,
  month = apr,
  location = Denver,
}

@Proceedings{sbst09,
  booktitle = "SBST'09",
  year = 2009,
  month = apr,
  location = Denver,
}

@Proceedings{foser10,
  booktitle = "FoSER'10",
  year = 2010,
  month = nov,
  location = SantaFe,
}

@Proceedings{icpads97,
  booktitle = "ICPADS'97",
  year = 1997,
  month = dec,
  location = Seoul,
}

@Proceedings{icpads11,
  booktitle = "ICPADS'11",
  year = 2011,
  month = dec,
  location = Tainan,
}

@Proceedings{esop06,
  booktitle = "ESOP'06",
  year = 2006,
  month = mar,
  location = Vienna,
}

@Proceedings{gecco10,
  booktitle = "GECCO'10",
  year = 2010,
  month = jul,
  location = Portland,
}

@Proceedings{sstic05,
  booktitle = "SSTIC'05",
  year = 2005,
  month = jun,
  location = Rennes,
}

@Proceedings{ipccc07,
  booktitle= "IPCCC'07",
  year = 2007,
  month=apr,
  location = NewOrleans,
}

@Proceedings{kr12,
  booktitle = "KR'12",
  year = 2012,
  month = jun,
  location = Rome,
}

@Proceedings{difts11,
  booktitle = "DIFTS'12",
  year = 2011,
  month = nov,
  location = Austin,
}

@Proceedings{vlsi07,
  booktitle = "VLSI'07",
  year = 2007,
  month = oct,
  location = SantaCruz,
}

@Proceedings{ecoop11,
  booktitle = "ECOOP'11",
  year = 2011,
  month = jul,
  location = Lancaster,
}

@Proceedings{ifm05,
  booktitle = "IFM'05",
  year = 2005,
  month = nov,
  location = Eindhoven,
}

@Proceedings{cade13,
  booktitle = "CADE'13",
  month = jun,
  year = 2013,
  location = LakePlacid,
}

@Proceedings{esem10,
  booktitle = "ESEM'10",
  month = sep,
  year = 2010,
  location = Bolzano,
}

@Proceedings{fcst08,
  booktitle = "FCST'08",
  month = dec,
  year = 2008,
  location = Nagasaki,
}

@Proceedings{regression13,
  booktitle = PROC # "3rd International Workshop on Regression Testing",
  month = mar,
  year = 2013,
  location = Luxembourg,
}

@Proceedings{dsn09,
  booktitle = "DSN'09",
  month = jun,
  year = 2009,
  location = Lisbon,
}

@Proceedings{nspw10,
  booktitle = "NSPW'10",
  month = sep,
  year = 2010,
  location = Concord,
}

% ----------------------- Journals ------------------------------%


@Article{acm-tosem,
  journal = "TOSEM",
}

@Article{acm-tissec,
  journal = "TISSEC",
}

@Article{empsweng,
  journal = "EMSE",
}

@Article{spe,
  journal = "SPE",
}

@Article{cacm,
  journal = "CACM",
}


@Article{acm-toplas,
  journal = "TOPLAS",
}

@Article{ieee-tse,
  journal = "TSE",
}

@Article{stvr,
  journal = "STVR",
}

@Article{ieee-tdsc,
  journal = "TDSC",
}

@Article{ist,
  journal = "IST",
}

@Article{ijis,
  journal = "IJIS",
}

@Article{ijpp,
  journal = "IJPP",
}

@Article{jair,
  journal = "JAIR",
}

@Article{jsat,
  journal = "JSAT",
}

@Article{acm-csur,
  journal = "ACM Computing Surveys"
}
